3175 5234
825 939 2055 1036 HEILIGENLIEDER.

337 1295 510 1367 621.
579 1294 833 1370 Oratio
886 1298 975 1369 ad
1031 1299 1385 1377 dominum
1440 1319 1510 1379 et
1561 1307 1651 1380 ad
1703 1334 1947 1381 omnes
1998 1320 2282 1382 sanctos
2334 1309 2507 1409 ejus.

119 1509 326 1595 Dens,
370 1523 562 1598 pater
606 1519 1039 1605 credentium,

118 1615 297 1679 salus
341 1619 407 1682 in
453 1628 518 1684 te
564 1626 991 1709 sperantium,

118 1719 359 1783 exaudi
401 1741 639 1804 preces
684 1727 963 1810 servuli,

46 1842 49 1849 „
120 1838 280 1900 quas
324 1820 532 1887 fundit
575 1826 777 1890 corde
822 1830 1117 1912 supplici.

118 1982 245 2048 Fili
290 1985 396 2050 dei
439 1989 755 2074 piissime,

118 2086 423 2168 dignatus
466 2095 644 2156 nasci
689 2096 978 2178 virgine,

121 2188 361 2252 exaudi
407 2194 621 2257 cordis
665 2196 942 2262 hostiam

116 2291 328 2371 patris
372 2292 610 2358 sedens
655 2297 739 2361 ad
785 2298 1138 2366 dexteram.

112 2449 473 2519 Amborum
518 2467 746 2523 sancte
791 2462 1089 2548 spiritus,

111 2554 367 2621 dextrae
413 2557 521 2622 dei
566 2568 634 2625 tu
679 2560 957 2649 digitus,

110 2661 342 2723 mentis
386 2672 643 2729 secreta
688 2667 885 2733 visita

108 2770 351 2845 tuaque
392 2766 577 2849 reple
620 2771 852 2849 gratia.

108 2922 415 2991 Personis
459 2938 684 2995 sancta
728 2934 980 2999 trinitas
999 2983 1017 3018 ‚

112 3027 222 3091 sed
269 3028 517 3094 deitate
561 3035 773 3097 unitas
791 3083 808 3115 ,

111 3131 342 3198 adesto
387 3134 548 3196 meis
592 3137 928 3219 precibus,

110 3236 275 3299 votis
320 3237 553 3303 favens
598 3239 1016 3322 supplicibus,

109 3391 305 3478 Auge
352 3396 574 3479 fidem,
621 3408 688 3463 tu
736 3402 990 3468 trinitas
1011 3451 1029 3485 ,

109 3516 290 3583 spem
338 3521 540 3584 auge,
587 3512 814 3570 sancta
850 3508 1097 3590 unitas,

110 3610 177 3665 ut
220 3611 287 3667 te
334 3604 637 3687 colendo,
684 3607 922 3689 deitas,

110 3722 209 3767 me
253 3704 470 3770 firmet
513 3715 624 3772 tua
667 3712 925 3776 caritas.

111 3867 230 3944 Qui
276 3870 439 3947 deus
459 3872 698 3938 -homo
743 3875 978 3941 diceris

111 3980 177 4036 et
217 3994 415 4040 verus
459 3977 651 4044 homo
699 3984 1019 4066 nosceris,

46 4070 53 4077 “
109 4088 424 4145 memento
475 4084 603 4147 mei
646 4083 947 4168 hominis,

110 4197 248 4244 cum
284 4182 588 4266 ,iudicare
632 4190 913 4253 veneris.

106 4336 179 4402 In
222 4341 378 4421 hoc,
419 4346 594 4427 quod
637 4368 862 4414 manes
909 4352 1149 4436 deitas,

107 4446 325 4510 reatus
374 4447 521 4513 dele
567 4454 886 4538 sarcinas,

108 4552 175 4607 ut
219 4546 374 4631 hoc,
425 4552 599 4633 quod
647 4574 719 4619 es
765 4556 1163 4647 humanitas,

110 4644 191 4707 ad
234 4668 334 4714 me
381 4651 688 4721 deflectat
731 4659 963 4741 pietas.

191 4777 356 4840 Motae,
386 4783 559 4832 tatem.
588 4788 838 4846 nymnos.
872 4792 960 4838 m.

1281 2572 1361 2636 10

1280 3146 1360 3206 15

1272 3718 1357 3783 20

1269 4358 1354 4420 25

1475 1532 1772 1616 Regnum
1809 1532 2048 1617 jurasti
2093 1531 2420 1615 patribus,

1473 1637 1825 1721 promisisti
1867 1637 2255 1720 sequacibus
2273 1682 2290 1713 ,
2638 1632 2725 1698 30

1475 1749 1543 1804 nt
1587 1749 1887 1805 servetur
1930 1739 2309 1823 promissit»,

1471 1863 1744 1925 regnum
1789 1840 2078 1908 concede
2123 1840 2381 1906 famulo.

1473 2005 1812 2071 Concedat
1855 2014 1966 2069 tua
2012 2006 2257 2087 pietaS,

1475 2126 1623 2189 quae
1669 2106 1965 2188 deposcit
2007 2104 2329 2169 humilitas
2347 2150 2364 2185 ‚

1474 2215 1545 2273 ut
1588 2207 1763 2290 quod
1805 2208 2103 2289 promisit
2142 2207 2416 2287 caritas,
2635 2207 2720 2269 35

1474 2318 1863 2392 assequatur
1905 2308 2254 2373 hereditas.
2424 2311 2428 2313 ’

1467 2474 1713 2557 Maria,
1760 2473 1950 2556 virgo
1995 2472 2352 2554 virginum,

1467 2576 1932 2660 redemptionis
1979 2576 2246 2654 ostium,

1466 2690 1657 2766 porta
1705 2682 1931 2746 salutis
1975 2682 2266 2763 integra,

1465 2786 1670 2868 lapsis
1716 2786 2039 2849 cervicem
2083 2783 2326 2848 releva.
2635 2782 2720 2846 40

1464 2947 1722 3012 Petenti
1765 2965 2022 3011 manum
2065 2946 2367 3030 porrige,

1467 3050 1702 3131 quietis
1747 3068 1936 3132 opem
1974 3050 2187 3113 tribue

1466 3160 1533 3216 et
1573 3172 1696 3234 per
1739 3161 1916 3217 tuum
1962 3152 2265 3216 auxilium

1466 3253 1735 3337 placare
1784 3273 1939 3317 cura
1983 3253 2197 3317 filium.

1466 3415 1721 3499 Regina
1764 3414 1944 3497 coeli,
1991 3413 2286 3495 domina,
2635 3414 2718 3480 45

1466 3524 1674 3582 mater
1718 3516 1826 3581 dei
1871 3515 2259 3598 castissima,

1464 3628 1537 3686 ut
1578 3639 1805 3684 manus
1850 3627 2122 3703 praestet
2166 3617 2312 3702 filii,
2481 3703 2488 3710 Ι

1465 3722 1642 3805 quod
1685 3740 1918 3786 servus
1960 3720 2204 3804 poscit,
2248 3722 2540 3787 subveni.

1466 3885 1561 3950 Tu
1605 3885 1890 3950 Michael
1937 3885 2330 3967 archangele
2352 3933 2370 3969 ,

1465 3986 1616 4051 coeli
1657 3988 1963 4071 princeps
2009 3986 2286 4069 militia),
2629 3985 2717 4048 50

1464 4106 1583 4152 ora
1628 4087 1930 4153 draconis
1976 4095 2250 4154 concute
2267 4135 2284 4170 ,

1462 4211 1547 4256 ne
1590 4198 1870 4258 noceant
1912 4193 1977 4255 in
2023 4191 2310 4256 vulnere.

1460 4357 1796 4441 Interpres
1835 4355 1943 4419 dei
1987 4353 2256 4418 Gabriel

1461 4468 1527 4525 et
1572 4459 1892 4525 medicina
1935 4456 2238 4541 Raphael

1462 4581 1608 4627 cum
1653 4561 1988 4627 cherubim
2033 4570 2101 4627 et
2144 4559 2502 4645 seraphim,
2630 4554 2714 4618 55

1462 4666 1671 4730 hostis
1717 4672 1952 4732 necate
1994 4667 2314 4732 haeresim.

2207 4773 2245 4832 1
