<?xml version="1.0" encoding="UTF-8"?>
<!DOCTYPE html PUBLIC "-//W3C//DTD XHTML 1.0 Transitional//EN"
    "http://www.w3.org/TR/xhtml1/DTD/xhtml1-transitional.dtd">
<html xmlns="http://www.w3.org/1999/xhtml" xml:lang="en" lang="en">
 <head>
  <title>
</title>
<meta http-equiv="Content-Type" content="text/html;charset=utf-8" />
  <meta name='ocr-system' content='tesseract 3.04.00' />
  <meta name='ocr-capabilities' content='ocr_page ocr_carea ocr_par ocr_line ocrx_word'/>
</head>
<body>
  <div class='ocr_page' id='page_1' title='image "./lateinischehymn04monegoog_0087.png"; bbox 0 0 3175 5234; ppageno 0'>
   <div class='ocr_carea' id='block_1_1' title="bbox 2683 237 2773 300">
    <p class='ocr_par' dir='ltr' id='par_1_1' title="bbox 2683 237 2773 300">
     <span class='ocr_line' id='line_1_1' title="bbox 2683 237 2773 300; baseline 0 0"><span class='ocrx_word' id='word_1_1' title='bbox 2683 237 2773 300; x_wconf 75' lang='lat'><strong>67</strong></span> 
     </span>
    </p>
   </div>
   <div class='ocr_carea' id='block_1_2' title="bbox 167 418 2575 1010">
    <p class='ocr_par' dir='ltr' id='par_1_2' title="bbox 167 418 2575 1010">
     <span class='ocr_line' id='line_1_2' title="bbox 298 418 2526 497; baseline -0.004 -15"><span class='ocrx_word' id='word_1_2' title='bbox 298 426 441 482; x_wconf 84' lang='lat' dir='ltr'><strong>Juda</strong></span> <span class='ocrx_word' id='word_1_3' title='bbox 476 424 664 497; x_wconf 78' lang='lat' dir='ltr'>surgit</span> <span class='ocrx_word' id='word_1_4' title='bbox 700 423 757 478; x_wconf 90' lang='lat' dir='ltr'><strong>in</strong></span> <span class='ocrx_word' id='word_1_5' title='bbox 794 421 1110 489; x_wconf 72' lang='lat' dir='ltr'><strong>matthiam,</strong></span> <span class='ocrx_word' id='word_1_6' title='bbox 1658 418 1881 489; x_wconf 82' lang='lat' dir='ltr'><strong>Cyprus</strong></span> <span class='ocrx_word' id='word_1_7' title='bbox 1919 419 2104 491; x_wconf 79' lang='lat' dir='ltr'><strong>surgit</strong></span> <span class='ocrx_word' id='word_1_8' title='bbox 2140 419 2195 473; x_wconf 87' lang='lat' dir='ltr'><strong>in</strong></span> <span class='ocrx_word' id='word_1_9' title='bbox 2234 420 2526 474; x_wconf 86' lang='lat' dir='ltr'><strong>doctorem</strong></span> 
     </span>
     <span class='ocr_line' id='line_1_3' title="bbox 302 505 2541 574; baseline -0.003 -7"><span class='ocrx_word' id='word_1_10' title='bbox 302 514 426 567; x_wconf 89' lang='lat' dir='ltr'><strong>dum</strong></span> <span class='ocrx_word' id='word_1_11' title='bbox 465 509 714 565; x_wconf 82' lang='lat' dir='ltr'><strong>ostendit</strong></span> <span class='ocrx_word' id='word_1_12' title='bbox 751 508 804 562; x_wconf 90' lang='lat' dir='ltr'><strong>ei</strong></span> <span class='ocrx_word' id='word_1_13' title='bbox 840 507 988 560; x_wconf 88' lang='lat' dir='ltr'><strong>viam</strong></span> <span class='ocrx_word' id='word_1_14' title='bbox 1659 505 2007 574; x_wconf 86' lang='lat' dir='ltr'><strong>Barnabam,</strong></span> <span class='ocrx_word' id='word_1_15' title='bbox 2044 506 2171 560; x_wconf 88' lang='lat' dir='ltr'><strong>dum</strong></span> <span class='ocrx_word' id='word_1_16' title='bbox 2207 506 2314 560; x_wconf 88' lang='lat' dir='ltr'><strong>sibi</strong></span> <span class='ocrx_word' id='word_1_17' title='bbox 2352 523 2541 562; x_wconf 91' lang='lat' dir='ltr'><strong>rorem</strong></span> 
     </span>
     <span class='ocr_line' id='line_1_4' title="bbox 368 592 2252 664; baseline -0.003 -13"><span class='ocrx_word' id='word_1_18' title='bbox 368 595 617 651; x_wconf 85' lang='lat' dir='ltr'><strong>coelestis</strong></span> <span class='ocrx_word' id='word_1_19' title='bbox 657 592 959 664; x_wconf 81' lang='lat' dir='ltr'><strong>praeconii3</strong></span> <span class='ocrx_word' id='word_1_20' title='bbox 1729 593 1914 648; x_wconf 89' lang='lat' dir='ltr'><strong>stillat</strong></span> <span class='ocrx_word' id='word_1_21' title='bbox 1949 594 2252 664; x_wconf 80' lang='lat' dir='ltr'><strong>evangelii.</strong></span> 
     </span>
     <span class='ocr_line' id='line_1_5' title="bbox 167 677 1502 741; baseline -0.006 0"><span class='ocrx_word' id='word_1_22' title='bbox 167 687 365 741; x_wconf 66' lang='lat'>22-24</span> <span class='ocrx_word' id='word_1_23' title='bbox 399 682 591 738; x_wconf 85' lang='lat' dir='ltr'><strong>fehlen</strong></span> <span class='ocrx_word' id='word_1_24' title='bbox 627 683 693 737; x_wconf 80' lang='lat' dir='ltr'><strong>A.</strong></span> <span class='ocrx_word' id='word_1_25' title='bbox 764 680 925 735; x_wconf 86' lang='lat' dir='ltr'><strong>Nach</strong></span> <span class='ocrx_word' id='word_1_26' title='bbox 959 681 1032 731; x_wconf 61' lang='lat'><strong>24</strong></span> <span class='ocrx_word' id='word_1_27' title='bbox 1069 685 1190 733; x_wconf 82' lang='lat' dir='ltr'><strong>sezt</strong></span> <span class='ocrx_word' id='word_1_28' title='bbox 1227 679 1270 734; x_wconf 96' lang='lat' dir='ltr'><strong>C</strong></span> <span class='ocrx_word' id='word_1_29' title='bbox 1308 677 1502 733; x_wconf 82' lang='lat' dir='ltr'><strong>hinzu:</strong></span> 
     </span>
     <span class='ocr_line' id='line_1_6' title="bbox 298 766 2447 838; baseline -0.003 -12"><span class='ocrx_word' id='word_1_30' title='bbox 298 773 556 838; x_wconf 70' lang='lat' dir='ltr'><strong>Marcus,</strong></span> <span class='ocrx_word' id='word_1_31' title='bbox 592 768 819 823; x_wconf 76' lang='lat' dir='ltr'><strong>Petrum</strong></span> <span class='ocrx_word' id='word_1_32' title='bbox 855 766 1102 820; x_wconf 86' lang='lat' dir='ltr'><strong>imitatus</strong></span> <span class='ocrx_word' id='word_1_33' title='bbox 1123 806 1138 833; x_wconf 96' lang='lat'><strong>,</strong></span> <span class='ocrx_word' id='word_1_34' title='bbox 1660 766 1759 820; x_wconf 82' lang='lat' dir='ltr'><strong>His</strong></span> <span class='ocrx_word' id='word_1_35' title='bbox 1798 766 2057 836; x_wconf 87' lang='lat' dir='ltr'><strong>patronis</strong></span> <span class='ocrx_word' id='word_1_36' title='bbox 2094 767 2228 821; x_wconf 80' lang='lat' dir='ltr'><strong>vitoe</strong></span> <span class='ocrx_word' id='word_1_37' title='bbox 2266 766 2447 835; x_wconf 87' lang='lat' dir='ltr'><strong>donis,</strong></span> 
     </span>
     <span class='ocr_line' id='line_1_7' title="bbox 297 848 2491 929; baseline -0.004 -15"><span class='ocrx_word' id='word_1_38' title='bbox 297 855 688 929; x_wconf 85' lang='lat' dir='ltr'><strong>protopraesul</strong></span> <span class='ocrx_word' id='word_1_39' title='bbox 723 853 1044 908; x_wconf 86' lang='lat' dir='ltr'><strong>immolatus</strong></span> <span class='ocrx_word' id='word_1_40' title='bbox 1384 848 1387 853; x_wconf 51' lang='lat'><strong>⁴</strong></span> <span class='ocrx_word' id='word_1_41' title='bbox 1731 852 1981 921; x_wconf 85' lang='lat' dir='ltr'><strong>Christe,</strong></span> <span class='ocrx_word' id='word_1_42' title='bbox 2032 869 2137 907; x_wconf 90' lang='lat' dir='ltr'><strong>nos</strong></span> <span class='ocrx_word' id='word_1_43' title='bbox 2173 851 2491 920; x_wconf 89' lang='lat' dir='ltr'><strong>accumula,</strong></span> 
     </span>
     <span class='ocr_line' id='line_1_8' title="bbox 370 938 2575 1010; baseline -0.003 -11"><span class='ocrx_word' id='word_1_44' title='bbox 370 950 461 999; x_wconf 88' lang='lat' dir='ltr'><strong>est</strong></span> <span class='ocrx_word' id='word_1_45' title='bbox 496 944 554 997; x_wconf 90' lang='lat' dir='ltr'><strong>in</strong></span> <span class='ocrx_word' id='word_1_46' title='bbox 590 938 962 996; x_wconf 72' lang='lat' dir='ltr'>Alexandria:</span> <span class='ocrx_word' id='word_1_47' title='bbox 1661 945 1722 994; x_wconf 91' lang='lat' dir='ltr'><strong>ut</strong></span> <span class='ocrx_word' id='word_1_48' title='bbox 1759 956 2054 1010; x_wconf 80' lang='lat' dir='ltr'><strong>queamus,</strong></span> <span class='ocrx_word' id='word_1_49' title='bbox 2096 940 2246 1010; x_wconf 89' lang='lat' dir='ltr'><strong>quod</strong></span> <span class='ocrx_word' id='word_1_50' title='bbox 2283 955 2575 1010; x_wconf 84' lang='lat' dir='ltr'><strong>speramus</strong></span> 
     </span>
    </p>
   </div>
   <div class='ocr_carea' id='block_1_3' title="bbox 300 1026 2329 1116">
    <p class='ocr_par' dir='ltr' id='par_1_3' title="bbox 300 1026 2329 1116">
     <span class='ocr_line' id='line_1_9' title="bbox 300 1026 2329 1116; baseline -0.012 -1"><span class='ocrx_word' id='word_1_51' title='bbox 300 1063 482 1116; x_wconf 86' lang='lat' dir='ltr'><strong>Lucas</strong></span> <span class='ocrx_word' id='word_1_52' title='bbox 520 1058 683 1115; x_wconf 86' lang='lat' dir='ltr'><strong>Pauli</strong></span> <span class='ocrx_word' id='word_1_53' title='bbox 719 1074 907 1113; x_wconf 86' lang='lat' dir='ltr'><strong>comes</strong></span> <span class='ocrx_word' id='word_1_54' title='bbox 944 1056 1089 1113; x_wconf 85' lang='lat' dir='ltr'><strong>fidus</strong></span> <span class='ocrx_word' id='word_1_55' title='bbox 1732 1032 1926 1082; x_wconf 58' lang='lat' dir='ltr'>“mes‘’</span> <span class='ocrx_word' id='word_1_56' title='bbox 1961 1042 2068 1106; x_wconf 58' lang='lat'><strong>1³⁸1</strong></span> <span class='ocrx_word' id='word_1_57' title='bbox 2104 1026 2329 1081; x_wconf 67' lang='lat' dir='ltr'><strong>Saecula·</strong></span> 
     </span>
    </p>
   </div>
   <div class='ocr_carea' id='block_1_4' title="bbox 299 1145 1203 1302">
    <p class='ocr_par' dir='ltr' id='par_1_4' title="bbox 299 1145 1203 1302">
     <span class='ocr_line' id='line_1_10' title="bbox 299 1145 1203 1219; baseline -0.004 -16"><span class='ocrx_word' id='word_1_58' title='bbox 299 1155 434 1219; x_wconf 87' lang='lat' dir='ltr'><strong>post</strong></span> <span class='ocrx_word' id='word_1_59' title='bbox 468 1146 758 1217; x_wconf 85' lang='lat' dir='ltr'><strong>prolatum</strong></span> <span class='ocrx_word' id='word_1_60' title='bbox 807 1145 1011 1216; x_wconf 81' lang='lat' dir='ltr'>duplex</span> <span class='ocrx_word' id='word_1_61' title='bbox 1047 1146 1203 1199; x_wconf 89' lang='lat' dir='ltr'><strong>sidus</strong></span> 
     </span>
     <span class='ocr_line' id='line_1_11' title="bbox 374 1232 999 1302; baseline 0.003 -16"><span class='ocrx_word' id='word_1_62' title='bbox 374 1232 585 1288; x_wconf 85' lang='lat' dir='ltr'><strong>dormit</strong></span> <span class='ocrx_word' id='word_1_63' title='bbox 620 1232 675 1286; x_wconf 89' lang='lat' dir='ltr'><strong>in</strong></span> <span class='ocrx_word' id='word_1_64' title='bbox 714 1232 999 1302; x_wconf 76' lang='lat' dir='ltr'><strong>Bithynia.</strong></span> 
     </span>
    </p>
   </div>
   <div class='ocr_carea' id='block_1_5' title="bbox 166 1358 2767 1651">
    <p class='ocr_par' dir='ltr' id='par_1_5' title="bbox 166 1358 2767 1651">
     <span class='ocr_line' id='line_1_12' title="bbox 322 1358 2767 1458; baseline -0.001 -15"><span class='ocrx_word' id='word_1_65' title='bbox 322 1371 483 1443; x_wconf 76' lang='lat' dir='ltr'><strong>&#39;Eine</strong></span> <span class='ocrx_word' id='word_1_66' title='bbox 530 1389 743 1442; x_wconf 86' lang='lat' dir='ltr'><strong>andere</strong></span> <span class='ocrx_word' id='word_1_67' title='bbox 778 1387 1035 1457; x_wconf 72' lang='lat' dir='ltr'><strong>Sequens</strong></span> <span class='ocrx_word' id='word_1_68' title='bbox 1082 1383 1190 1442; x_wconf 80' lang='lat' dir='ltr'><strong>auf</strong></span> <span class='ocrx_word' id='word_1_69' title='bbox 1228 1386 1317 1441; x_wconf 88' lang='lat' dir='ltr'><strong>die</strong></span> <span class='ocrx_word' id='word_1_70' title='bbox 1362 1387 1604 1458; x_wconf 81' lang='lat' dir='ltr'><strong>Apostel</strong></span> <span class='ocrx_word' id='word_1_71' title='bbox 1652 1388 1802 1443; x_wconf 85' lang='lat' dir='ltr'><strong>steht</strong></span> <span class='ocrx_word' id='word_1_72' title='bbox 1848 1388 1921 1441; x_wconf 89' lang='lat' dir='ltr'><strong>im</strong></span> <span class='ocrx_word' id='word_1_73' title='bbox 1969 1388 2241 1445; x_wconf 80' lang='lat' dir='ltr'><strong>Hortalus</strong></span> <span class='ocrx_word' id='word_1_74' title='bbox 2276 1388 2476 1443; x_wconf 75' lang='lat' dir='ltr'><strong>animae</strong></span> <span class='ocrx_word' id='word_1_75' title='bbox 2527 1389 2610 1444; x_wconf 83' lang='lat'><strong>131.</strong></span> <span class='ocrx_word' id='word_1_76' title='bbox 2650 1358 2767 1442; x_wconf 60' lang='lat'><strong>112.</strong></span> 
     </span>
     <span class='ocr_line' id='line_1_13' title="bbox 166 1475 783 1563; baseline -0.01 -29"><span class='ocrx_word' id='word_1_77' title='bbox 166 1480 262 1533; x_wconf 82' lang='lat' dir='ltr'><strong>mit</strong></span> <span class='ocrx_word' id='word_1_78' title='bbox 296 1478 421 1533; x_wconf 88' lang='lat' dir='ltr'><strong>dem</strong></span> <span class='ocrx_word' id='word_1_79' title='bbox 455 1475 713 1548; x_wconf 80' lang='lat' dir='ltr'><strong>Anfang:</strong></span> <span class='ocrx_word' id='word_1_80' title='bbox 768 1554 783 1563; x_wconf 28' lang='lat' dir='ltr'>q</span> 
     </span>
     <span class='ocr_line' id='line_1_14' title="bbox 378 1579 2418 1651; baseline -0.003 -12"><span class='ocrx_word' id='word_1_81' title='bbox 378 1583 426 1639; x_wconf 89' lang='grc' dir='ltr'>Ο</span> <span class='ocrx_word' id='word_1_82' title='bbox 462 1582 630 1637; x_wconf 91' lang='lat' dir='ltr'><strong>Petre</strong></span> <span class='ocrx_word' id='word_1_83' title='bbox 668 1579 1014 1647; x_wconf 67' lang='lat' dir='ltr'><strong>beatissime,</strong></span> <span class='ocrx_word' id='word_1_84' title='bbox 1615 1581 2004 1651; x_wconf 85' lang='lat' dir='ltr'><strong>apostolorum</strong></span> <span class='ocrx_word' id='word_1_85' title='bbox 2041 1582 2273 1636; x_wconf 86' lang='lat' dir='ltr'><strong>maxime</strong></span> <span class='ocrx_word' id='word_1_86' title='bbox 2311 1587 2418 1636; x_wconf 87' lang='lat' dir='ltr'><strong>etc.</strong></span> 
     </span>
    </p>
   </div>
   <div class='ocr_carea' id='block_1_6' title="bbox 159 1735 2776 3292">
    <p class='ocr_par' dir='ltr' id='par_1_6' title="bbox 168 1735 2771 1984">
     <span class='ocr_line' id='line_1_15' title="bbox 336 1735 2771 1810; baseline -0 -17"><span class='ocrx_word' id='word_1_87' title='bbox 336 1739 407 1793; x_wconf 84' lang='lat' dir='ltr'><strong>V.</strong></span> <span class='ocrx_word' id='word_1_88' title='bbox 446 1740 495 1792; x_wconf 88' lang='lat'><strong>1.</strong></span> <span class='ocrx_word' id='word_1_89' title='bbox 549 1738 725 1794; x_wconf 73' lang='lat' dir='ltr'><strong>Horae</strong></span> <span class='ocrx_word' id='word_1_90' title='bbox 774 1736 886 1791; x_wconf 87' lang='lat' dir='ltr'><strong>diei</strong></span> <span class='ocrx_word' id='word_1_91' title='bbox 932 1735 1221 1792; x_wconf 82' lang='lat' dir='ltr'><strong>duodecim</strong></span> <span class='ocrx_word' id='word_1_92' title='bbox 1269 1741 1428 1806; x_wconf 84' lang='lat' dir='ltr'><strong>sunt,</strong></span> <span class='ocrx_word' id='word_1_93' title='bbox 1502 1738 1649 1792; x_wconf 88' lang='lat' dir='ltr'><strong>unde</strong></span> <span class='ocrx_word' id='word_1_94' title='bbox 1701 1737 1844 1792; x_wconf 90' lang='lat' dir='ltr'><strong>bene</strong></span> <span class='ocrx_word' id='word_1_95' title='bbox 1897 1738 1954 1792; x_wconf 90' lang='lat' dir='ltr'><strong>in</strong></span> <span class='ocrx_word' id='word_1_96' title='bbox 2003 1738 2279 1810; x_wconf 86' lang='lat' dir='ltr'><strong>mysterio</strong></span> <span class='ocrx_word' id='word_1_97' title='bbox 2324 1738 2446 1793; x_wconf 88' lang='lat' dir='ltr'><strong>dies</strong></span> <span class='ocrx_word' id='word_1_98' title='bbox 2495 1737 2771 1806; x_wconf 86' lang='lat' dir='ltr'><strong>Christus,</strong></span> 
     </span>
     <span class='ocr_line' id='line_1_16' title="bbox 169 1822 2771 1899; baseline -0 -18"><span class='ocrx_word' id='word_1_99' title='bbox 169 1827 327 1899; x_wconf 88' lang='lat' dir='ltr'><strong>cujus</strong></span> <span class='ocrx_word' id='word_1_100' title='bbox 365 1823 618 1896; x_wconf 87' lang='lat' dir='ltr'><strong>apostoli</strong></span> <span class='ocrx_word' id='word_1_101' title='bbox 654 1822 972 1891; x_wconf 83' lang='lat' dir='ltr'><strong>duodecim,</strong></span> <span class='ocrx_word' id='word_1_102' title='bbox 1037 1823 1132 1893; x_wconf 83' lang='lat' dir='ltr'><strong>qui</strong></span> <span class='ocrx_word' id='word_1_103' title='bbox 1167 1823 1388 1879; x_wconf 83' lang='lat' dir='ltr'><strong>coelesti</strong></span> <span class='ocrx_word' id='word_1_104' title='bbox 1423 1824 1631 1879; x_wconf 86' lang='lat' dir='ltr'><strong>lumine</strong></span> <span class='ocrx_word' id='word_1_105' title='bbox 1668 1823 1945 1880; x_wconf 87' lang='lat' dir='ltr'><strong>distinctis</strong></span> <span class='ocrx_word' id='word_1_106' title='bbox 1993 1824 2050 1880; x_wconf 89' lang='lat' dir='ltr'><strong>in</strong></span> <span class='ocrx_word' id='word_1_107' title='bbox 2088 1842 2150 1880; x_wconf 87' lang='lat' dir='ltr'><strong>se</strong></span> <span class='ocrx_word' id='word_1_108' title='bbox 2186 1825 2391 1897; x_wconf 72' lang='lat' dir='ltr'><strong>gratiae</strong></span> <span class='ocrx_word' id='word_1_109' title='bbox 2430 1824 2647 1881; x_wconf 86' lang='lat' dir='ltr'><strong>vicibus</strong></span> <span class='ocrx_word' id='word_1_110' title='bbox 2683 1841 2771 1880; x_wconf 88' lang='lat' dir='ltr'><strong>re-</strong></span> 
     </span>
     <span class='ocr_line' id='line_1_17' title="bbox 168 1910 1515 1984; baseline -0.001 -15"><span class='ocrx_word' id='word_1_111' title='bbox 168 1912 462 1969; x_wconf 80' lang='lat' dir='ltr'><strong>fulserunt.</strong></span> <span class='ocrx_word' id='word_1_112' title='bbox 534 1912 767 1968; x_wconf 71' lang='lat' dir='ltr'><strong>Ambros.</strong></span> <span class='ocrx_word' id='word_1_113' title='bbox 803 1912 860 1967; x_wconf 90' lang='lat' dir='ltr'><strong>in</strong></span> <span class='ocrx_word' id='word_1_114' title='bbox 898 1924 1100 1984; x_wconf 78' lang='lat' dir='ltr'><strong>evang.</strong></span> <span class='ocrx_word' id='word_1_115' title='bbox 1136 1910 1265 1967; x_wconf 85' lang='lat' dir='ltr'><strong>Luc.</strong></span> <span class='ocrx_word' id='word_1_116' title='bbox 1302 1915 1355 1982; x_wconf 72' lang='lat'><strong>7,</strong></span> <span class='ocrx_word' id='word_1_117' title='bbox 1392 1915 1515 1967; x_wconf 85' lang='grc'><strong>222.</strong></span> 
     </span>
    </p>

    <p class='ocr_par' dir='ltr' id='par_1_7' title="bbox 160 1996 2776 2856">
     <span class='ocr_line' id='line_1_18' title="bbox 334 1996 2775 2075; baseline 0 -21"><span class='ocrx_word' id='word_1_118' title='bbox 334 2000 407 2054; x_wconf 84' lang='lat' dir='ltr'><strong>V.</strong></span> <span class='ocrx_word' id='word_1_119' title='bbox 439 2002 492 2054; x_wconf 83' lang='lat'><strong>2.</strong></span> <span class='ocrx_word' id='word_1_120' title='bbox 555 1999 614 2054; x_wconf 87' lang='lat' dir='ltr'><strong>in</strong></span> <span class='ocrx_word' id='word_1_121' title='bbox 641 2013 865 2055; x_wconf 77' lang='lat' dir='ltr'><strong>occasu.</strong></span> <span class='ocrx_word' id='word_1_122' title='bbox 920 1996 1015 2069; x_wconf 79' lang='grc' dir='ltr'><strong><em>τὴν</em></strong></span> <span class='ocrx_word' id='word_1_123' title='bbox 1051 2000 1362 2071; x_wconf 70' lang='grc' dir='ltr'>οἰκουμένην</span> <span class='ocrx_word' id='word_1_124' title='bbox 1398 1997 1624 2054; x_wconf 79' lang='grc' dir='ltr'><strong><em>ἅπασαν</em></strong></span> <span class='ocrx_word' id='word_1_125' title='bbox 1659 1999 1976 2073; x_wconf 71' lang='grc' dir='ltr'><strong><em>ἐπέδραμον</em></strong></span> <span class='ocrx_word' id='word_1_126' title='bbox 2012 2001 2066 2054; x_wconf 80' lang='grc' dir='ltr'><strong>οἱ</strong></span> <span class='ocrx_word' id='word_1_127' title='bbox 2102 1996 2404 2055; x_wconf 79' lang='grc' dir='ltr'><strong><em>ἀπόστολοι</em></strong></span> <span class='ocrx_word' id='word_1_128' title='bbox 2438 2002 2528 2053; x_wconf 74' lang='grc' dir='ltr'><strong>καὶ</strong></span> <span class='ocrx_word' id='word_1_129' title='bbox 2556 1998 2775 2075; x_wconf 70' lang='grc' dir='ltr'><strong><em>ποζντων</em></strong></span> 
     </span>
     <span class='ocr_line' id='line_1_19' title="bbox 166 2084 2774 2164; baseline -0.001 -21"><span class='ocrx_word' id='word_1_130' title='bbox 166 2087 447 2164; x_wconf 72' lang='grc' dir='ltr'><strong>ἀρχόντων</strong></span> <span class='ocrx_word' id='word_1_131' title='bbox 483 2084 749 2162; x_wconf 77' lang='grc' dir='ltr'><strong><em>ἄρχοντες</em></strong></span> <span class='ocrx_word' id='word_1_132' title='bbox 784 2086 1028 2160; x_wconf 70' lang='grc' dir='ltr'><strong><em>ἐγένοντο</em></strong></span> <span class='ocrx_word' id='word_1_133' title='bbox 1064 2084 1399 2161; x_wconf 80' lang='grc' dir='ltr'><em>κυριώτεροι,</em></span> <span class='ocrx_word' id='word_1_134' title='bbox 1435 2086 1702 2143; x_wconf 77' lang='grc' dir='ltr'><strong><em>Βασιλέων</em></strong></span> <span class='ocrx_word' id='word_1_135' title='bbox 1739 2084 2128 2159; x_wconf 77' lang='grc' dir='ltr'><strong><em>δυνατώτεροι·</em></strong></span> <span class='ocrx_word' id='word_1_136' title='bbox 2166 2088 2221 2140; x_wconf 84' lang='grc' dir='ltr'><strong>οἱ</strong></span> <span class='ocrx_word' id='word_1_137' title='bbox 2253 2086 2352 2156; x_wconf 80' lang='grc' dir='ltr'><strong>μὲν</strong></span> <span class='ocrx_word' id='word_1_138' title='bbox 2386 2084 2496 2159; x_wconf 65' lang='grc' dir='ltr'><strong>γὰρ</strong></span> <span class='ocrx_word' id='word_1_139' title='bbox 2532 2086 2774 2157; x_wconf 77' lang='grc' dir='ltr'><strong><em>βασιλεῖς</em></strong></span> 
     </span>
     <span class='ocr_line' id='line_1_20' title="bbox 170 2163 2773 2247; baseline -0.001 -17"><span class='ocrx_word' id='word_1_140' title='bbox 170 2175 361 2240; x_wconf 78' lang='grc' dir='ltr'><strong><em>ζῶντες</em></strong></span> <span class='ocrx_word' id='word_1_141' title='bbox 398 2183 677 2247; x_wconf 76' lang='grc' dir='ltr'><strong><em>κρατοῦσι,</em></strong></span> <span class='ocrx_word' id='word_1_142' title='bbox 712 2169 1120 2247; x_wconf 75' lang='grc' dir='ltr'><strong><em>τελευτήσαντες</em></strong></span> <span class='ocrx_word' id='word_1_143' title='bbox 1155 2173 1217 2228; x_wconf 79' lang='grc' dir='ltr'><strong>δὲ</strong></span> <span class='ocrx_word' id='word_1_144' title='bbox 1258 2170 1631 2239; x_wconf 74' lang='grc' dir='ltr'><strong><em>καταλύονται,</em></strong></span> <span class='ocrx_word' id='word_1_145' title='bbox 1669 2163 1821 2228; x_wconf 78' lang='grc' dir='ltr'><strong><em>οὗτοι</em></strong></span> <span class='ocrx_word' id='word_1_146' title='bbox 1857 2172 1918 2226; x_wconf 79' lang='grc' dir='ltr'><strong>δὲ</strong></span> <span class='ocrx_word' id='word_1_147' title='bbox 1954 2169 2362 2243; x_wconf 77' lang='grc' dir='ltr'><strong><em>τελευτήσαντες</em></strong></span> <span class='ocrx_word' id='word_1_148' title='bbox 2396 2170 2604 2242; x_wconf 77' lang='grc' dir='ltr'><strong><em>μᾶλλον</em></strong></span> <span class='ocrx_word' id='word_1_149' title='bbox 2638 2193 2773 2247; x_wconf 79' lang='grc' dir='ltr'><strong><em>κρα-</em></strong></span> 
     </span>
     <span class='ocr_line' id='line_1_21' title="bbox 165 2255 2767 2334; baseline -0.001 -18"><span class='ocrx_word' id='word_1_150' title='bbox 165 2260 338 2318; x_wconf 77' lang='grc' dir='ltr'><strong><em>τοῦσι.</em></strong></span> <span class='ocrx_word' id='word_1_151' title='bbox 395 2262 648 2331; x_wconf 66' lang='lat' dir='ltr'><strong>Chry-30⁸1.</strong></span> <span class='ocrx_word' id='word_1_152' title='bbox 696 2261 751 2314; x_wconf 89' lang='lat' dir='ltr'><strong>in</strong></span> <span class='ocrx_word' id='word_1_153' title='bbox 797 2275 885 2330; x_wconf 89' lang='lat' dir='ltr'><strong>ps.</strong></span> <span class='ocrx_word' id='word_1_154' title='bbox 933 2261 1032 2328; x_wconf 66' lang='lat'><strong>44,</strong></span> <span class='ocrx_word' id='word_1_155' title='bbox 1073 2262 1155 2314; x_wconf 85' lang='lat'><strong>13.</strong></span> <span class='ocrx_word' id='word_1_156' title='bbox 1239 2261 1293 2314; x_wconf 84' lang='grc' dir='ltr'><strong>οἱ</strong></span> <span class='ocrx_word' id='word_1_157' title='bbox 1326 2256 1604 2334; x_wconf 79' lang='grc' dir='ltr'><strong><em>μάρτυρες</em></strong></span> <span class='ocrx_word' id='word_1_158' title='bbox 1652 2255 1730 2329; x_wconf 73' lang='grc' dir='ltr'><strong><em>τῷ</em></strong></span> <span class='ocrx_word' id='word_1_159' title='bbox 1767 2255 2037 2329; x_wconf 78' lang='grc' dir='ltr'><strong><em>ἀθανάτῳ</em></strong></span> <span class='ocrx_word' id='word_1_160' title='bbox 2074 2258 2287 2331; x_wconf 79' lang='grc' dir='ltr'><strong><em>βασιλεῖ</em></strong></span> <span class='ocrx_word' id='word_1_161' title='bbox 2322 2261 2767 2333; x_wconf 75' lang='grc' dir='ltr'><strong><em>στρατευθέντες.</em></strong></span> 
     </span>
     <span class='ocr_line' id='line_1_22' title="bbox 167 2341 2773 2422; baseline -0.002 -17"><span class='ocrx_word' id='word_1_162' title='bbox 167 2350 411 2405; x_wconf 65' lang='lat' dir='ltr'><strong>modion</strong></span> <span class='ocrx_word' id='word_1_163' title='bbox 446 2348 564 2414; x_wconf 83' lang='lat' dir='ltr'><strong>AA,</strong></span> <span class='ocrx_word' id='word_1_164' title='bbox 599 2350 649 2400; x_wconf 78' lang='lat'><strong>2.</strong></span> <span class='ocrx_word' id='word_1_165' title='bbox 721 2342 1030 2418; x_wconf 77' lang='grc' dir='ltr'><strong><em>ἁγιόλεκτον</em></strong></span> <span class='ocrx_word' id='word_1_166' title='bbox 1077 2343 1219 2402; x_wconf 77' lang='grc' dir='ltr'><strong><em>θεοῦ</em></strong></span> <span class='ocrx_word' id='word_1_167' title='bbox 1266 2344 1580 2421; x_wconf 81' lang='grc' dir='ltr'><strong><em>στράτευμα</em></strong></span> <span class='ocrx_word' id='word_1_168' title='bbox 1628 2341 1934 2422; x_wconf 73' lang='grc' dir='ltr'><strong><em>μαρτύρων.</em></strong></span> <span class='ocrx_word' id='word_1_169' title='bbox 1998 2345 2241 2400; x_wconf 69' lang='lat' dir='ltr'><strong>Triodion</strong></span> <span class='ocrx_word' id='word_1_170' title='bbox 2277 2346 2407 2415; x_wconf 81' lang='grc' dir='ltr'><strong>ΔΑ,</strong></span> <span class='ocrx_word' id='word_1_171' title='bbox 2441 2349 2493 2400; x_wconf 77' lang='grc'><strong>2.</strong></span> <span class='ocrx_word' id='word_1_172' title='bbox 2580 2347 2773 2402; x_wconf 79' lang='lat' dir='ltr'><strong>trium·</strong></span> 
     </span>
     <span class='ocr_line' id='line_1_23' title="bbox 163 2432 2771 2508; baseline -0.001 -17"><span class='ocrx_word' id='word_1_173' title='bbox 163 2438 431 2508; x_wconf 84' lang='lat' dir='ltr'><strong>phantes3</strong></span> <span class='ocrx_word' id='word_1_174' title='bbox 496 2433 631 2487; x_wconf 83' lang='lat' dir='ltr'><strong>weil</strong></span> <span class='ocrx_word' id='word_1_175' title='bbox 680 2434 762 2487; x_wconf 85' lang='lat' dir='ltr'><strong>sie</strong></span> <span class='ocrx_word' id='word_1_176' title='bbox 813 2433 899 2487; x_wconf 89' lang='lat' dir='ltr'><strong>die</strong></span> <span class='ocrx_word' id='word_1_177' title='bbox 935 2432 1212 2489; x_wconf 87' lang='lat' dir='ltr'><strong>Soldaten</strong></span> <span class='ocrx_word' id='word_1_178' title='bbox 1248 2433 1456 2490; x_wconf 86' lang='lat' dir='ltr'><strong>Christi</strong></span> <span class='ocrx_word' id='word_1_179' title='bbox 1492 2449 1704 2488; x_wconf 80' lang='lat' dir='ltr'><strong>waren.</strong></span> <span class='ocrx_word' id='word_1_180' title='bbox 1777 2434 1835 2488; x_wconf 89' lang='lat' dir='ltr'><strong>In</strong></span> <span class='ocrx_word' id='word_1_181' title='bbox 1871 2438 2158 2504; x_wconf 80' lang='lat' dir='ltr'><strong>potestate</strong></span> <span class='ocrx_word' id='word_1_182' title='bbox 2193 2433 2473 2503; x_wconf 88' lang='lat' dir='ltr'><strong>apostolis</strong></span> <span class='ocrx_word' id='word_1_183' title='bbox 2510 2434 2771 2504; x_wconf 90' lang='lat' dir='ltr'><strong>positum,</strong></span> 
     </span>
     <span class='ocr_line' id='line_1_24' title="bbox 161 2520 2772 2594; baseline -0.002 -15"><span class='ocrx_word' id='word_1_184' title='bbox 161 2530 225 2579; x_wconf 86' lang='lat' dir='ltr'><strong>ut</strong></span> <span class='ocrx_word' id='word_1_185' title='bbox 260 2522 487 2577; x_wconf 84' lang='lat' dir='ltr'><strong>aliunde</strong></span> <span class='ocrx_word' id='word_1_186' title='bbox 524 2538 639 2575; x_wconf 92' lang='lat' dir='ltr'><strong>non</strong></span> <span class='ocrx_word' id='word_1_187' title='bbox 677 2520 937 2575; x_wconf 82' lang='lat' dir='ltr'><strong>viverent</strong></span> <span class='ocrx_word' id='word_1_188' title='bbox 973 2520 1081 2575; x_wconf 87' lang='lat' dir='ltr'><strong>nisi</strong></span> <span class='ocrx_word' id='word_1_189' title='bbox 1117 2537 1186 2574; x_wconf 87' lang='lat' dir='ltr'><strong>ex</strong></span> <span class='ocrx_word' id='word_1_190' title='bbox 1223 2520 1554 2592; x_wconf 83' lang='lat' dir='ltr'><strong>evangelio,</strong></span> <span class='ocrx_word' id='word_1_191' title='bbox 1595 2521 1701 2575; x_wconf 89' lang='lat' dir='ltr'><strong>hoc</strong></span> <span class='ocrx_word' id='word_1_192' title='bbox 1737 2527 1853 2589; x_wconf 86' lang='lat' dir='ltr'><strong>est,</strong></span> <span class='ocrx_word' id='word_1_193' title='bbox 1901 2520 2090 2575; x_wconf 87' lang='lat' dir='ltr'><strong>carnis</strong></span> <span class='ocrx_word' id='word_1_194' title='bbox 2127 2521 2293 2594; x_wconf 85' lang='lat' dir='ltr'><strong>hujus</strong></span> <span class='ocrx_word' id='word_1_195' title='bbox 2332 2521 2772 2577; x_wconf 83' lang='lat' dir='ltr'><strong>sustentaculum</strong></span> 
     </span>
     <span class='ocr_line' id='line_1_25' title="bbox 162 2606 2776 2680; baseline 0 -16"><span class='ocrx_word' id='word_1_196' title='bbox 162 2614 450 2664; x_wconf 86' lang='lat' dir='ltr'><strong>sumerent</strong></span> <span class='ocrx_word' id='word_1_197' title='bbox 486 2612 545 2663; x_wconf 88' lang='lat' dir='ltr'><strong>et</strong></span> <span class='ocrx_word' id='word_1_198' title='bbox 579 2612 843 2677; x_wconf 85' lang='lat' dir='ltr'><strong>tanquam</strong></span> <span class='ocrx_word' id='word_1_199' title='bbox 888 2606 1095 2662; x_wconf 80' lang='lat' dir='ltr'><strong>milites</strong></span> <span class='ocrx_word' id='word_1_200' title='bbox 1133 2607 1342 2662; x_wconf 88' lang='lat' dir='ltr'><strong>Christi</strong></span> <span class='ocrx_word' id='word_1_201' title='bbox 1379 2607 1712 2677; x_wconf 84' lang='lat' dir='ltr'><strong>stipendium</strong></span> <span class='ocrx_word' id='word_1_202' title='bbox 1749 2609 1994 2663; x_wconf 88' lang='lat' dir='ltr'><strong>debitum</strong></span> <span class='ocrx_word' id='word_1_203' title='bbox 2030 2608 2356 2677; x_wconf 84' lang='lat' dir='ltr'><strong>acciperent</strong></span> <span class='ocrx_word' id='word_1_204' title='bbox 2391 2609 2536 2664; x_wconf 88' lang='lat' dir='ltr'><strong>sicut</strong></span> <span class='ocrx_word' id='word_1_205' title='bbox 2572 2626 2606 2664; x_wconf 90' lang='lat' dir='ltr'><strong>a</strong></span> <span class='ocrx_word' id='word_1_206' title='bbox 2642 2626 2776 2680; x_wconf 85' lang='lat' dir='ltr'><strong>pro·</strong></span> 
     </span>
     <span class='ocr_line' id='line_1_26' title="bbox 160 2693 2773 2766; baseline 0.001 -18"><span class='ocrx_word' id='word_1_207' title='bbox 160 2694 500 2749; x_wconf 82' lang='lat' dir='ltr'><strong>vincialibus</strong></span> <span class='ocrx_word' id='word_1_208' title='bbox 550 2693 776 2750; x_wconf 84' lang='lat' dir='ltr'><strong>Christi.</strong></span> <span class='ocrx_word' id='word_1_209' title='bbox 849 2696 1109 2765; x_wconf 64' lang='lat' dir='ltr'><strong>Aequam.</strong></span> <span class='ocrx_word' id='word_1_210' title='bbox 1157 2693 1212 2747; x_wconf 86' lang='lat' dir='ltr'><strong>iu</strong></span> <span class='ocrx_word' id='word_1_211' title='bbox 1263 2709 1465 2766; x_wconf 82' lang='lat' dir='ltr'><strong>evang.</strong></span> <span class='ocrx_word' id='word_1_212' title='bbox 1520 2695 1648 2750; x_wconf 73' lang='lat' dir='ltr'><strong>Joh.</strong></span> <span class='ocrx_word' id='word_1_213' title='bbox 1701 2702 1771 2750; x_wconf 91' lang='lat' dir='ltr'><strong>tr.</strong></span> <span class='ocrx_word' id='word_1_214' title='bbox 1813 2698 1943 2764; x_wconf 84' lang='grc'><strong>122,</strong></span> <span class='ocrx_word' id='word_1_215' title='bbox 1979 2698 2030 2750; x_wconf 87' lang='lat'><strong>3.</strong></span> <span class='ocrx_word' id='word_1_216' title='bbox 2105 2695 2294 2751; x_wconf 89' lang='lat' dir='ltr'><strong>Schon</strong></span> <span class='ocrx_word' id='word_1_217' title='bbox 2333 2697 2571 2752; x_wconf 72' lang='lat' dir='ltr'><strong>clement.</strong></span> <span class='ocrx_word' id='word_1_218' title='bbox 2610 2696 2773 2766; x_wconf 88' lang='lat' dir='ltr'><strong>epist.</strong></span> 
     </span>
     <span class='ocr_line' id='line_1_27' title="bbox 161 2780 2773 2856; baseline -0.001 -17"><span class='ocrx_word' id='word_1_219' title='bbox 161 2782 232 2839; x_wconf 88' lang='lat' dir='ltr'><strong>ad</strong></span> <span class='ocrx_word' id='word_1_220' title='bbox 271 2781 533 2839; x_wconf 88' lang='lat' dir='ltr'><strong>Corinth.</strong></span> <span class='ocrx_word' id='word_1_221' title='bbox 570 2786 618 2851; x_wconf 80' lang='lat'><strong>1,</strong></span> <span class='ocrx_word' id='word_1_222' title='bbox 656 2783 742 2836; x_wconf 78' lang='lat'><strong>37.</strong></span> <span class='ocrx_word' id='word_1_223' title='bbox 799 2780 1117 2853; x_wconf 84' lang='lat' dir='ltr'><strong>vergleicht</strong></span> <span class='ocrx_word' id='word_1_224' title='bbox 1153 2780 1243 2835; x_wconf 89' lang='lat' dir='ltr'><strong>die</strong></span> <span class='ocrx_word' id='word_1_225' title='bbox 1280 2780 1607 2836; x_wconf 82' lang='lat' dir='ltr'><strong>Hierarchie</strong></span> <span class='ocrx_word' id='word_1_226' title='bbox 1643 2783 1742 2838; x_wconf 87' lang='lat' dir='ltr'><strong>mit</strong></span> <span class='ocrx_word' id='word_1_227' title='bbox 1779 2782 1956 2836; x_wconf 87' lang='lat' dir='ltr'><strong>einem</strong></span> <span class='ocrx_word' id='word_1_228' title='bbox 1994 2781 2339 2853; x_wconf 81' lang='lat' dir='ltr'><strong>geordneten</strong></span> <span class='ocrx_word' id='word_1_229' title='bbox 2379 2783 2773 2856; x_wconf 81' lang='lat' dir='ltr'><strong>Kriegsheere.</strong></span> 
     </span>
    </p>

    <p class='ocr_par' dir='ltr' id='par_1_8' title="bbox 159 2852 2776 3292">
     <span class='ocr_line' id='line_1_28' title="bbox 339 2852 2771 2939; baseline 0.002 -19"><span class='ocrx_word' id='word_1_230' title='bbox 339 2867 410 2923; x_wconf 84' lang='lat' dir='ltr'><strong>V.</strong></span> <span class='ocrx_word' id='word_1_231' title='bbox 448 2870 496 2921; x_wconf 66' lang='lat'><strong>4.</strong></span> <span class='ocrx_word' id='word_1_232' title='bbox 551 2871 817 2939; x_wconf 60' lang='grc' dir='ltr'><strong><em>Λαμπετίη.</em></strong></span> <span class='ocrx_word' id='word_1_233' title='bbox 853 2871 1034 2938; x_wconf 80' lang='lat' dir='ltr'><strong>quaest</strong></span> <span class='ocrx_word' id='word_1_234' title='bbox 1069 2883 1269 2938; x_wconf 79' lang='lat' dir='ltr'><strong>evang.</strong></span> <span class='ocrx_word' id='word_1_235' title='bbox 1309 2872 1358 2936; x_wconf 89' lang='lat'><strong>1,</strong></span> <span class='ocrx_word' id='word_1_236' title='bbox 1395 2869 1484 2921; x_wconf 88' lang='grc'><strong>38.</strong></span> <span class='ocrx_word' id='word_1_237' title='bbox 1532 2869 1788 2923; x_wconf 83' lang='lat' dir='ltr'><strong>hemerkt</strong></span> <span class='ocrx_word' id='word_1_238' title='bbox 1825 2887 1891 2924; x_wconf 87' lang='lat' dir='ltr'><strong>zu</strong></span> <span class='ocrx_word' id='word_1_239' title='bbox 1919 2852 2125 2924; x_wconf 63' lang='lat' dir='ltr'><strong>&#39;matth</strong></span> <span class='ocrx_word' id='word_1_240' title='bbox 2160 2873 2249 2939; x_wconf 68' lang='lat'><strong>24,</strong></span> <span class='ocrx_word' id='word_1_241' title='bbox 2283 2873 2368 2924; x_wconf 82' lang='grc'><strong>27.</strong></span> <span class='ocrx_word' id='word_1_242' title='bbox 2439 2870 2674 2924; x_wconf 88' lang='lat' dir='ltr'><strong>orientis</strong></span> <span class='ocrx_word' id='word_1_243' title='bbox 2710 2875 2771 2924; x_wconf 90' lang='lat' dir='ltr'><strong>et</strong></span> 
     </span>
     <span class='ocr_line' id='line_1_29' title="bbox 162 2952 2776 3027; baseline -0.001 -15"><span class='ocrx_word' id='word_1_244' title='bbox 162 2954 476 3012; x_wconf 86' lang='lat' dir='ltr'><strong>occidentis</strong></span> <span class='ocrx_word' id='word_1_245' title='bbox 541 2954 761 3009; x_wconf 88' lang='lat' dir='ltr'><strong>nomine</strong></span> <span class='ocrx_word' id='word_1_246' title='bbox 828 2960 1005 3012; x_wconf 88' lang='lat' dir='ltr'><strong>totum</strong></span> <span class='ocrx_word' id='word_1_247' title='bbox 1071 2954 1266 3009; x_wconf 87' lang='lat' dir='ltr'><strong>orbem</strong></span> <span class='ocrx_word' id='word_1_248' title='bbox 1328 2954 1514 3009; x_wconf 85' lang='lat' dir='ltr'><strong>voluit</strong></span> <span class='ocrx_word' id='word_1_249' title='bbox 1575 2952 1895 3027; x_wconf 84' lang='lat' dir='ltr'><strong>significare</strong></span> <span class='ocrx_word' id='word_1_250' title='bbox 1917 2995 1932 3023; x_wconf 92' lang='lat'><strong>,</strong></span> <span class='ocrx_word' id='word_1_251' title='bbox 2003 2974 2107 3026; x_wconf 85' lang='lat' dir='ltr'><strong>per</strong></span> <span class='ocrx_word' id='word_1_252' title='bbox 2170 2974 2332 3027; x_wconf 90' lang='lat' dir='ltr'><strong>quem</strong></span> <span class='ocrx_word' id='word_1_253' title='bbox 2398 2955 2589 3012; x_wconf 85' lang='lat' dir='ltr'><strong>futura</strong></span> <span class='ocrx_word' id='word_1_254' title='bbox 2646 2961 2776 3010; x_wconf 90' lang='lat' dir='ltr'><strong>erat</strong></span> 
     </span>
     <span class='ocr_line' id='line_1_30' title="bbox 160 3038 2774 3115; baseline -0.001 -17"><span class='ocrx_word' id='word_1_255' title='bbox 160 3042 425 3099; x_wconf 77' lang='lat' dir='ltr'><strong>ecclesia.</strong></span> <span class='ocrx_word' id='word_1_256' title='bbox 503 3043 741 3097; x_wconf 68' lang='lat' dir='ltr'><strong>Marta-5.</strong></span> <span class='ocrx_word' id='word_1_257' title='bbox 779 3041 836 3096; x_wconf 86' lang='lat' dir='ltr'><strong>in</strong></span> <span class='ocrx_word' id='word_1_258' title='bbox 873 3057 959 3111; x_wconf 81' lang='lat' dir='ltr'><strong>ps.</strong></span> <span class='ocrx_word' id='word_1_259' title='bbox 1000 3043 1138 3110; x_wconf 74' lang='lat'><strong>134,</strong></span> <span class='ocrx_word' id='word_1_260' title='bbox 1177 3043 1260 3094; x_wconf 81' lang='lat'><strong>15.</strong></span> <span class='ocrx_word' id='word_1_261' title='bbox 1317 3039 1447 3104; x_wconf 78' lang='grc' dir='ltr'><strong><em>τοὺς</em></strong></span> <span class='ocrx_word' id='word_1_262' title='bbox 1484 3038 1827 3104; x_wconf 76' lang='grc' dir='ltr'><strong><em>ἀποστόλους</em></strong></span> <span class='ocrx_word' id='word_1_263' title='bbox 1865 3040 2037 3097; x_wconf 77' lang='grc' dir='ltr'><strong><em>αὐτοῦ</em></strong></span> <span class='ocrx_word' id='word_1_264' title='bbox 2076 3048 2285 3113; x_wconf 78' lang='grc' dir='ltr'><strong><em>φαίνειν</em></strong></span> <span class='ocrx_word' id='word_1_265' title='bbox 2320 3042 2398 3115; x_wconf 72' lang='grc' dir='ltr'><strong><em>τῷ</em></strong></span> <span class='ocrx_word' id='word_1_266' title='bbox 2434 3043 2622 3115; x_wconf 76' lang='grc' dir='ltr'><strong><em>κόσμῳ</em></strong></span> <span class='ocrx_word' id='word_1_267' title='bbox 2662 3039 2774 3096; x_wconf 75' lang='grc' dir='ltr'><strong>ἀπὸ</strong></span> 
     </span>
     <span class='ocr_line' id='line_1_31' title="bbox 162 3123 2776 3205; baseline -0.002 -19"><span class='ocrx_word' id='word_1_268' title='bbox 162 3126 445 3186; x_wconf 71' lang='grc' dir='ltr'><strong><em>ἀνατολῶν</em></strong></span> <span class='ocrx_word' id='word_1_269' title='bbox 480 3132 571 3183; x_wconf 74' lang='grc' dir='ltr'><strong>καὶ</strong></span> <span class='ocrx_word' id='word_1_270' title='bbox 605 3128 707 3191; x_wconf 75' lang='grc' dir='ltr'><strong>ἕως</strong></span> <span class='ocrx_word' id='word_1_271' title='bbox 745 3125 998 3199; x_wconf 74' lang='grc' dir='ltr'><strong><em>δυσμῶν,</em></strong></span> <span class='ocrx_word' id='word_1_272' title='bbox 1051 3131 1143 3182; x_wconf 71' lang='grc' dir='ltr'><strong>καὶ</strong></span> <span class='ocrx_word' id='word_1_273' title='bbox 1177 3123 1252 3189; x_wconf 81' lang='grc' dir='ltr'><strong>ὦς</strong></span> <span class='ocrx_word' id='word_1_274' title='bbox 1288 3126 1443 3184; x_wconf 80' lang='grc' dir='ltr'><strong><em>ὖετόν</em></strong></span> <span class='ocrx_word' id='word_1_275' title='bbox 1478 3131 1718 3183; x_wconf 75' lang='grc' dir='ltr'><strong><em>κατιέναι</em></strong></span> <span class='ocrx_word' id='word_1_276' title='bbox 1755 3128 1848 3183; x_wconf 86' lang='grc' dir='ltr'><strong><em>τὸν</em></strong></span> <span class='ocrx_word' id='word_1_277' title='bbox 1884 3127 2047 3204; x_wconf 66' lang='grc' dir='ltr'><strong><em>λόγον</em></strong></span> <span class='ocrx_word' id='word_1_278' title='bbox 2092 3128 2269 3185; x_wconf 78' lang='grc' dir='ltr'><strong><em>αὐτῶν</em></strong></span> <span class='ocrx_word' id='word_1_279' title='bbox 2305 3133 2380 3193; x_wconf 73' lang='grc' dir='ltr'><strong>εἰς</strong></span> <span class='ocrx_word' id='word_1_280' title='bbox 2417 3131 2508 3200; x_wconf 63' lang='grc' dir='ltr'><strong><em>τὴν</em></strong></span> <span class='ocrx_word' id='word_1_281' title='bbox 2544 3130 2776 3205; x_wconf 82' lang='grc' dir='ltr'><strong><em>καρδίαν</em></strong></span> 
     </span>
     <span class='ocr_line' id='line_1_32' title="bbox 159 3211 1259 3292; baseline -0.005 -19"><span class='ocrx_word' id='word_1_282' title='bbox 159 3218 255 3288; x_wconf 66' lang='grc' dir='ltr'><strong><em>τήν</em></strong></span> <span class='ocrx_word' id='word_1_283' title='bbox 294 3218 675 3292; x_wconf 57' lang='lat' dir='ltr'><strong>§venustentur</strong></span> <span class='ocrx_word' id='word_1_284' title='bbox 709 3214 803 3269; x_wconf 79' lang='grc' dir='ltr'><strong>διὰ</strong></span> <span class='ocrx_word' id='word_1_285' title='bbox 838 3213 936 3285; x_wconf 67' lang='grc' dir='ltr'><strong><em>τῆς</em></strong></span> <span class='ocrx_word' id='word_1_286' title='bbox 972 3211 1259 3289; x_wconf 73' lang='grc' dir='ltr'><strong><em>ἁμαρτίας.</em></strong></span> 
     </span>
    </p>
   </div>
   <div class='ocr_carea' id='block_1_7' title="bbox 887 3583 2060 3684">
    <p class='ocr_par' dir='ltr' id='par_1_9' title="bbox 887 3583 2060 3684">
     <span class='ocr_line' id='line_1_33' title="bbox 887 3583 2060 3684; baseline -0.005 -24"><span class='ocrx_word' id='word_1_287' title='bbox 887 3587 1058 3660; x_wconf 78' lang='grc'><strong>670.</strong></span> <span class='ocrx_word' id='word_1_288' title='bbox 1138 3587 1257 3657; x_wconf 79' lang='lat' dir='ltr'><strong>De</strong></span> <span class='ocrx_word' id='word_1_289' title='bbox 1311 3583 1667 3683; x_wconf 80' lang='lat' dir='ltr'><strong>apostolis.</strong></span> <span class='ocrx_word' id='word_1_290' title='bbox 1742 3584 2060 3684; x_wconf 71' lang='lat' dir='ltr'><strong>hymnus.</strong></span> 
     </span>
    </p>
   </div>
   <div class='ocr_carea' id='block_1_8' title="bbox 122 3809 2779 4790">
    <p class='ocr_par' dir='ltr' id='par_1_10' title="bbox 122 3809 2779 4790">
     <span class='ocr_line' id='line_1_34' title="bbox 170 3809 2395 3896; baseline 0.001 -19"><span class='ocrx_word' id='word_1_291' title='bbox 170 3813 464 3896; x_wconf 81' lang='lat' dir='ltr'><strong>Gregem</strong></span> <span class='ocrx_word' id='word_1_292' title='bbox 510 3820 712 3885; x_wconf 79' lang='lat' dir='ltr'><strong>tuum,</strong></span> <span class='ocrx_word' id='word_1_293' title='bbox 759 3820 984 3895; x_wconf 86' lang='lat' dir='ltr'><strong>pastor</strong></span> <span class='ocrx_word' id='word_1_294' title='bbox 1029 3815 1229 3895; x_wconf 87' lang='lat' dir='ltr'><strong>bone,</strong></span> <span class='ocrx_word' id='word_1_295' title='bbox 1527 3809 1834 3896; x_wconf 87' lang='lat' dir='ltr'><strong>Andrea,</strong></span> <span class='ocrx_word' id='word_1_296' title='bbox 1880 3812 2395 3891; x_wconf 85' lang='lat' dir='ltr'><strong>Bartholomaee‚</strong></span> 
     </span>
     <span class='ocr_line' id='line_1_35' title="bbox 167 3915 2774 4002; baseline 0 -22"><span class='ocrx_word' id='word_1_297' title='bbox 167 3934 406 4002; x_wconf 87' lang='lat' dir='ltr'><strong>pasce,</strong></span> <span class='ocrx_word' id='word_1_298' title='bbox 454 3924 764 3999; x_wconf 82' lang='lat' dir='ltr'><strong>protege,</strong></span> <span class='ocrx_word' id='word_1_299' title='bbox 803 3915 1074 4000; x_wconf 88' lang='lat' dir='ltr'><strong>dispone</strong></span> <span class='ocrx_word' id='word_1_300' title='bbox 1530 3926 1599 3982; x_wconf 89' lang='lat' dir='ltr'><strong>tn</strong></span> <span class='ocrx_word' id='word_1_301' title='bbox 1643 3915 2008 3998; x_wconf 84' lang='lat' dir='ltr'><strong>Johannes,</strong></span> <span class='ocrx_word' id='word_1_302' title='bbox 2057 3927 2124 3982; x_wconf 86' lang='lat' dir='ltr'><strong>tu</strong></span> <span class='ocrx_word' id='word_1_303' title='bbox 2170 3918 2511 4001; x_wconf 84' lang='lat' dir='ltr'><strong>Matthaee,</strong></span> <span class='ocrx_word' id='word_1_304' title='bbox 2692 3921 2774 3981; x_wconf 77' lang='lat'><strong>10</strong></span> 
     </span>
     <span class='ocr_line' id='line_1_36' title="bbox 165 4017 2323 4104; baseline 0 -20"><span class='ocrx_word' id='word_1_305' title='bbox 165 4040 293 4104; x_wconf 87' lang='lat' dir='ltr'><strong>per</strong></span> <span class='ocrx_word' id='word_1_306' title='bbox 336 4025 640 4102; x_wconf 87' lang='lat' dir='ltr'><strong>pastores</strong></span> <span class='ocrx_word' id='word_1_307' title='bbox 685 4017 1046 4101; x_wconf 75' lang='lat' dir='ltr'><strong>ordinatoS,</strong></span> <span class='ocrx_word' id='word_1_308' title='bbox 1529 4020 1595 4082; x_wconf 90' lang='lat' dir='ltr'><strong>in</strong></span> <span class='ocrx_word' id='word_1_309' title='bbox 1641 4018 1807 4102; x_wconf 88' lang='lat' dir='ltr'><strong>fide,</strong></span> <span class='ocrx_word' id='word_1_310' title='bbox 1853 4039 2009 4104; x_wconf 89' lang='lat' dir='ltr'><strong>spe,</strong></span> <span class='ocrx_word' id='word_1_311' title='bbox 2054 4023 2323 4087; x_wconf 87' lang='lat' dir='ltr'><strong>caritate</strong></span> 
     </span>
     <span class='ocr_line' id='line_1_37' title="bbox 166 4123 2332 4206; baseline 0 -21"><span class='ocrx_word' id='word_1_312' title='bbox 166 4142 291 4206; x_wconf 88' lang='lat' dir='ltr'><strong>per</strong></span> <span class='ocrx_word' id='word_1_313' title='bbox 336 4123 671 4204; x_wconf 86' lang='lat' dir='ltr'><strong>apostolos</strong></span> <span class='ocrx_word' id='word_1_314' title='bbox 715 4125 963 4187; x_wconf 87' lang='lat' dir='ltr'><strong>beatos.</strong></span> <span class='ocrx_word' id='word_1_315' title='bbox 1529 4141 1650 4186; x_wconf 87' lang='lat' dir='ltr'><strong>nos</strong></span> <span class='ocrx_word' id='word_1_316' title='bbox 1696 4124 1965 4206; x_wconf 85' lang='lat' dir='ltr'><strong>fragiles</strong></span> <span class='ocrx_word' id='word_1_317' title='bbox 2008 4129 2332 4189; x_wconf 88' lang='lat' dir='ltr'><strong>roborate.</strong></span> 
     </span>
     <span class='ocr_line' id='line_1_38' title="bbox 166 4307 2405 4393; baseline 0 -18"><span class='ocrx_word' id='word_1_318' title='bbox 166 4310 405 4393; x_wconf 83' lang='lat' dir='ltr'><strong>Petre,</strong></span> <span class='ocrx_word' id='word_1_319' title='bbox 452 4311 747 4376; x_wconf 85' lang='lat' dir='ltr'><strong>clavibus</strong></span> <span class='ocrx_word' id='word_1_320' title='bbox 795 4312 1103 4378; x_wconf 85' lang='lat' dir='ltr'><strong>coelorum</strong></span> <span class='ocrx_word' id='word_1_321' title='bbox 1386 4314 1425 4374; x_wconf 87' lang='lat'>5</span> <span class='ocrx_word' id='word_1_322' title='bbox 1529 4307 1718 4373; x_wconf 87' lang='lat' dir='ltr'><strong>Assit</strong></span> <span class='ocrx_word' id='word_1_323' title='bbox 1763 4310 2051 4376; x_wconf 80' lang='lat' dir='ltr'><strong>Jacobus</strong></span> <span class='ocrx_word' id='word_1_324' title='bbox 2098 4319 2405 4393; x_wconf 85' lang='lat' dir='ltr'><strong>uterque,</strong></span> 
     </span>
     <span class='ocr_line' id='line_1_39' title="bbox 168 4414 2371 4501; baseline 0.002 -22"><span class='ocrx_word' id='word_1_325' title='bbox 168 4414 356 4479; x_wconf 85' lang='lat' dir='ltr'><strong>solve</strong></span> <span class='ocrx_word' id='word_1_326' title='bbox 404 4423 630 4498; x_wconf 87' lang='lat' dir='ltr'><strong>portas</strong></span> <span class='ocrx_word' id='word_1_327' title='bbox 677 4415 1056 4495; x_wconf 80' lang='lat' dir='ltr'><strong>inferorum,</strong></span> <span class='ocrx_word' id='word_1_328' title='bbox 1532 4420 1943 4484; x_wconf 84' lang='lat' dir='ltr'><strong>concorditer</strong></span> <span class='ocrx_word' id='word_1_329' title='bbox 1989 4419 2371 4501; x_wconf 83' lang='lat' dir='ltr'><strong>fortiterque</strong></span> 
     </span>
     <span class='ocr_line' id='line_1_40' title="bbox 122 4516 2779 4606; baseline 0.001 -23"><span class='ocrx_word' id='word_1_330' title='bbox 122 4573 139 4583; x_wconf 93' lang='lat'><strong>.</strong></span> <span class='ocrx_word' id='word_1_331' title='bbox 166 4516 403 4601; x_wconf 89' lang='lat' dir='ltr'><strong>Paule,</strong></span> <span class='ocrx_word' id='word_1_332' title='bbox 451 4518 739 4600; x_wconf 82' lang='lat' dir='ltr'><strong>gentium</strong></span> <span class='ocrx_word' id='word_1_333' title='bbox 784 4518 1127 4602; x_wconf 82' lang='lat' dir='ltr'><strong>magister,</strong></span> <span class='ocrx_word' id='word_1_334' title='bbox 1528 4522 1701 4586; x_wconf 88' lang='lat' dir='ltr'><strong>mala</strong></span> <span class='ocrx_word' id='word_1_335' title='bbox 1745 4530 1968 4585; x_wconf 86' lang='lat' dir='ltr'><strong>nostra</strong></span> <span class='ocrx_word' id='word_1_336' title='bbox 2012 4522 2533 4606; x_wconf 86' lang='lat' dir='ltr'><strong>supplantantes,</strong></span> <span class='ocrx_word' id='word_1_337' title='bbox 2701 4526 2779 4587; x_wconf 86' lang='lat'><strong>15</strong></span> 
     </span>
     <span class='ocr_line' id='line_1_41' title="bbox 169 4623 2413 4710; baseline 0.001 -23"><span class='ocrx_word' id='word_1_338' title='bbox 169 4624 262 4687; x_wconf 83' lang='lat' dir='ltr'><strong>sis</strong></span> <span class='ocrx_word' id='word_1_339' title='bbox 308 4623 667 4688; x_wconf 85' lang='lat' dir='ltr'><strong>coelestium</strong></span> <span class='ocrx_word' id='word_1_340' title='bbox 711 4623 1016 4688; x_wconf 83' lang='lat' dir='ltr'><strong>minister.</strong></span> <span class='ocrx_word' id='word_1_341' title='bbox 1528 4626 1703 4690; x_wconf 85' lang='lat' dir='ltr'><strong>bona</strong></span> <span class='ocrx_word' id='word_1_342' title='bbox 1746 4624 1934 4688; x_wconf 86' lang='lat' dir='ltr'><strong>nobis</strong></span> <span class='ocrx_word' id='word_1_343' title='bbox 1980 4625 2413 4710; x_wconf 86' lang='lat' dir='ltr'><strong>inprecantes.</strong></span> 
     </span>
     <span class='ocr_line' id='line_1_42' title="bbox 2222 4723 2316 4790; baseline 0 -27"><span class='ocrx_word' id='word_1_344' title='bbox 2222 4723 2316 4790; x_wconf 50' lang='grc' dir='ltr'><strong>δῇ</strong></span> 
     </span>
    </p>
   </div>
  </div>
 </body>
</html>
