3175 5234
2632 342 2761 405 149

135 524 440 604 Quorum
485 531 713 590 sancta
757 525 1106 608 passione,
1514 542 1592 590 os
1638 524 2032 607 consessum,
2079 543 2197 591 cor
2239 544 2370 592 non
2412 527 2683 611 lentum,

132 631 295 696 fusa
343 630 809 713 deprecatione
825 677 845 712 ,
1511 630 1701 712 panis
1745 630 1881 694 vivi
1925 638 2393 695 sacramentum
2409 678 2428 714 ,

223 752 374 799 vox
415 732 676 798 auditur
721 732 1003 798 coelitus:
1599 742 1753 817 post
1794 733 1941 799 haec
1985 733 2158 800 dabo
2201 730 2536 817 gloriam.“

139 840 441 922 „omnis,
489 838 599 920 qui
644 835 997 902 devotione
1324 834 1409 899 40

135 949 383 1006 vestro
426 938 674 1024 gaudet
716 955 841 1022 pro
886 954 1129 1020 agone,
1510 937 1651 1004 Hos
1696 938 1940 1002 tirones
1984 957 2372 1003 veneremur
2410 953 2423 964 ·

228 1043 393 1108 dum
436 1059 567 1107 non
610 1041 695 1105 sit
737 1040 1149 1124 proselytus,
1509 1048 1963 1124 martyresque
2008 1039 2464 1126 deprecemur,
2675 1042 2759 1106 50

1598 1152 1670 1208 ut
1713 1143 1942 1208 horum
1986 1142 2295 1209 memoria

137 1250 248 1316 mi
294 1251 544 1316 nullum
589 1258 1058 1331 nocumentum,
1509 1244 1720 1311 Jhesu
1763 1243 2024 1310 Christo
2071 1244 2455 1329 adjuvemur

139 1355 403 1434 vinum,
455 1353 702 1434 oleum,
747 1353 1164 1433 frumentum,
1511 1356 1579 1413 et
1622 1368 1765 1414 cum
1812 1350 2053 1414 sanctis
2097 1367 2481 1416 coronemur

233 1467 308 1522 et
352 1455 564 1521 hostis
608 1455 980 1537 victorim,
1325 1452 1411 1515 45
1603 1451 1668 1514 in
1714 1451 1967 1516 coelesti
2011 1451 2239 1533 gloria.

333 1655 429 1711 Hs.
465 1672 537 1712 zu
570 1654 896 1711 Durmstadt
929 1655 1035 1710 No.
1071 1656 1192 1710 545.
1226 1653 1328 1710 mit
1362 1652 1465 1710 der
1499 1653 1760 1724 Helodie,
1798 1657 1869 1709 14
1901 1655 2101 1711 Jahrb.

334 1796 370 1850 8
405 1799 465 1850 et
499 1793 640 1852 Men.
675 1794 771 1850 Hs.
843 1796 877 1849 9
914 1800 973 1851 et
1006 1794 1088 1852 El.
1128 1796 1223 1851 Hs.
1295 1797 1362 1850 41
1400 1793 1667 1869 gaudent,
1701 1794 1798 1850 Hs.
1867 1796 1937 1849 45
1974 1799 2051 1862 at,
2086 1793 2183 1849 Hs.

332 1932 402 1986 V.
444 1935 530 1988 13.
567 1935 651 1987 14.
705 1932 865 2002 fides,
903 1949 1051 2004 spes,
1087 1933 1315 1990 caritas.
1371 1934 1431 1991 S.
1468 1934 1576 1989 No.
1618 1935 1739 2002 159,
1778 1937 1862 1987 17.
1922 1933 2027 1989 Νο.
2066 1934 2189 2002 682,
2226 1936 2313 1987 57.

330 2021 401 2075 V.
436 2024 525 2076 31.
573 2028 756 2077 morte
791 2021 1039 2078 Christo.
1110 2022 1269 2079 Satis
1304 2021 1518 2090 elucet,
1580 2022 1859 2093 mysterio
1905 2021 2199 2077 dominica
2245 2022 2446 2077 mortis
2484 2027 2543 2077 et
2577 2038 2764 2079 resur-

145 2108 430 2164 rectionis
463 2105 768 2180 figuratum
803 2108 941 2164 vitae
975 2113 1190 2164 nostrae
1225 2109 1436 2164 veteris
1473 2123 1735 2164 occasum
1770 2114 1829 2163 et
1864 2113 2120 2163 exortum
2155 2123 2348 2176 novae,
2413 2108 2765 2165 demonstra-

147 2200 381 2266 tamque
430 2195 744 2267 iniquitatis
791 2195 1159 2252 abolitionem
1206 2196 1740 2266 renovationemque
1778 2194 2040 2268 justitiae.
2103 2196 2366 2265 Ancyra-stin.
2414 2193 2483 2249 de
2531 2194 2668 2265 spir.
2705 2200 2766 2251 et

151 2281 237 2337 lit.
280 2284 367 2336 10.

634 2636 801 2710 739.
874 2633 1265 2734 Sequentia
1317 2635 1406 2709 de
1456 2636 1882 2738 martyribus
1936 2636 2288 2711 Thebaeis.

150 2905 518 2973 Redeundo
562 2926 685 2990 per
727 2926 962 2990 gyrum
1514 2907 1588 2973 In
1635 2909 1759 2974 hac
1800 2927 1874 2973 se
1920 2908 2263 2975 Mauritius

157 3010 386 3076 circini
431 3010 684 3075 annalis
1516 3030 1803 3076 maurum
1849 3010 2193 3094 diffitetur,

157 3112 594 3178 Thebaeorum
638 3122 996 3198 martyrum
1513 3114 1580 3178 in
1629 3114 1752 3179 bac
1796 3115 1984 3198 niger
2020 3113 2349 3180 Candidus

154 3216 412 3282 refulsit
456 3218 707 3283 natalis.
1516 3216 1831 3283 candidus
1874 3220 2168 3282 habetur.
2680 3222 2765 3286 20

157 3402 406 3481 Quibus
450 3404 709 3469 modum
753 3406 1045 3470 nimirum
1369 3410 1410 3472 5
1514 3404 1644 3473 Ubi
1686 3404 2086 3491 Exsuperius

155 3506 629 3589 aequinoctialis
1515 3530 1859 3593 numquam
1905 3518 2278 3594 superetur,

154 3608 300 3674 (lies
343 3610 469 3674 iste
513 3610 724 3677 factus
769 3620 872 3676 est
1517 3622 1585 3679 et
1641 3614 1848 3679 victus
1894 3615 2247 3681 victoribus

158 3713 302 3779 dies
350 3716 699 3782 aeternalis.
1515 3716 1748 3783 Victor
1792 3717 2095 3784 societur.

155 3897 313 3963 Dies
361 3901 500 3964 sine
545 3921 830 3986 vespera
1516 3903 1645 3970 Ubi
1687 3907 2057 3971 innocentia
2683 3913 2767 3975 25

158 4010 352 4066 nocte
398 4019 527 4067 non
570 4006 895 4089 sepultus,
1329 4010 1409 4073 10
1517 4009 1717 4072 vitam
1765 4007 1878 4074 dat
1911 4007 2145 4093 vitali,

160 4123 353 4187 quem
395 4123 527 4169 non
573 4107 674 4171 sol
717 4127 840 4191 per
882 4113 1038 4173 aera
1517 4113 1721 4176 beans
1767 4108 2207 4176 Innocentium

158 4206 278 4271 sed
324 4206 527 4272 divini
570 4210 787 4275 vultus
1516 4213 1788 4298 praemio
1832 4214 2044 4295 vitali,

156 4394 455 4462 Illustrat
497 4399 846 4483 serenitas,
1519 4401 1662 4480 Quo
1707 4408 1935 4467 neuter
1969 4401 2113 4485 jam
2157 4401 2425 4466 moritur

157 4500 273 4564 tali
319 4507 494 4566 statu
539 4502 765 4587 fultus,
1521 4514 1695 4571 tutus
1743 4526 1783 4569 a
1827 4506 2044 4587 vitali,
2686 4507 2770 4571 30

155 4622 283 4686 quo
331 4622 525 4670 senes
571 4615 720 4672 sunt
746 4606 1060 4691 juvenes,
1333 4612 1412 4674 15
1518 4618 1792 4694 uterque
1837 4613 1957 4676 sub
2003 4611 2125 4677 alis
2168 4630 2244 4677 se

153 4725 348 4772 nemo
393 4708 479 4773 sit
524 4709 797 4777 adultus.
1520 4716 1630 4783 dei
1673 4716 1858 4782 novit
1904 4718 2010 4783 ali.
