3175 5234
192 480 254 546 si
296 488 632 565 gestorum
675 477 976 547 teneatur
1161 495 1167 502 ·
1405 488 1449 551 5
1549 484 1631 553 In
1674 485 1802 552 hoc
1846 493 2042 570 caput
2084 492 2454 571 amputatur
2468 536 2488 571 ,
2598 562 2602 567 .

282 584 431 650 finis
477 591 544 650 et
578 584 844 650 initium.
1641 585 1781 652 fluit
1823 586 1929 652 lac
1973 605 2118 656 cum
2163 588 2511 672 sanguine,

1551 686 1935 770 angelorum
1980 689 2360 753 sublevatur
2724 690 2811 755 15

191 774 571 844 Inminentfi
615 771 925 857 passione
1639 807 1879 872 corpus
1923 789 2328 855 multitudino

281 876 475 958 virgo
517 874 663 939 haec
705 874 1062 942 interserit:
1549 899 1623 957 et
1659 889 1843 957 Sinai
1886 892 2251 960 collocatur

195 983 652 1062 mammillam,
695 974 857 1041 ³0⁸⁰
900 978 1072 1043 bone
1092 1026 1111 1060 5
1634 999 1705 1062 in
1747 1016 2052 1081 supremo
2097 998 2391 1066 culmine.

283 1080 459 1163 quod
503 1101 545 1145 a
587 1088 656 1145 te
699 1081 992 1165 petierit,
1364 1084 1446 1148 10

190 1204 320 1252 suo
341 1186 650 1269 'quisquis
697 1186 760 1250 in
808 1204 1024 1269 agone
1547 1184 1779 1252 Gloria
1822 1195 1890 1252 et
1929 1186 2142 1254 honor
2185 1187 2312 1254 deo
2366 1196 2488 1255 etc.

282 1308 530 1356 memor
576 1290 701 1355 mei
748 1285 1001 1356 fuerit.“

371 1489 473 1545 Die
526 1489 767 1561 rotigen
820 1488 945 1550 ΗΒΕ.
994 1490 1185 1548 ABCD
1237 1491 1348 1547 und
1399 1492 1499 1548 Hs.
1556 1509 1672 1548 von
1723 1492 1783 1549 S.
1835 1491 2007 1550 Peter
2068 1494 2176 1550 No.
2229 1496 2300 1550 63
2363 1512 2433 1550 zu
2467 1494 2809 1566 Karlsruhe,

193 1575 665 1720 ἑίςδῗέτὲιέὴίἕο
705 1576 1250 1650 iibereinstimmend.
1322 1578 1493 1636 Steht
1528 1579 1674 1635 auch
1710 1579 1775 1635 in
1805 1579 1906 1636 der
1941 1581 2285 1674 liiiinchener
2318 1582 2415 1638 Hs.
2453 1581 2591 1642 Clm.
2629 1583 2807 1640 10900

597 2035 815 2109 1005.
875 2029 1307 2134 Antiphone
1355 2033 1447 2107 de
1500 2062 1558 2107 s.
1611 2034 2001 2107 Ratherinn
2049 2033 2140 2107 ad
2179 2033 2413 2108 hom.

1259 2254 1391 2339 [ad
1432 2253 1716 2336 laudes.)

506 2425 657 2492 Ave
702 2427 893 2510 virgo
941 2427 1272 2512 speciosa,
1315 2427 1554 2493 clarior
1602 2426 1922 2492 sideribus

507 2530 692 2614 cujus
735 2531 978 2595 vultum
1028 2537 1095 2594 et
1137 2531 1443 2596 decorem
1489 2529 1865 2614 concupivit
1910 2528 2233 2611 dominus,

505 2632 702 2697 funde
750 2652 981 2718 preces
1029 2634 1312 2699 creatori
1361 2651 1485 2717 pro
1532 2634 1661 2697 tuis
1706 2633 2120 2717 supplicibus,

1285 2839 1371 2905 ad
1408 2843 1700 2923 primam.

509 3007 662 3076 Ave
707 3029 963 3093 gemma
1007 3011 1320 3076 claritatis
1364 3013 1451 3078 ad
1495 3013 1706 3078 instar
1752 3009 2162 3091 carbunculi,

508 3133 632 3178 ave
676 3131 833 3177 rosa
875 3114 1164 3197 paradisi
1209 3133 1390 3178 more
1435 3116 1740 3198 fragrans
1785 3113 2093 3193 balsami3
2765 3112 2811 3176 ὅ

508 3268 896 3351 Katherina,
939 3270 1132 3352 virgo
1177 3271 1364 3353 felix,
1409 3272 1702 3355 gloriosa
1744 3229 2021 3349 meritis,

505 3375 886 3439 assistentes
932 3377 1059 3437 tuis
1104 3372 1288 3439 festis
1335 3376 1485 3440 coeli
1519 3375 1731 3457 junge
1775 3370 2049 3457 gaudiis.

1302 3586 1388 3652 ad
1428 3586 1696 3652 tertiam.

510 3737 670 3803 Cum
712 3738 779 3803 in
824 3748 1050 3805 sancta
1096 3738 1480 3822 Katherina,
1544 3738 1712 3803 Jesu
1756 3734 2045 3817 Christe,
2104 3731 2376 3816 coleris,

508 3861 750 3908 memor
792 3852 938 3935 esto
982 3846 1170 3910 verbi
1216 3848 1337 3929 tui,
1383 3862 1630 3910 memor
1678 3851 1820 3908 esto
1864 3839 2180 3922 muneris,

510 3945 684 4028 quod
729 3948 942 4011 oranti
988 3948 1314 4013 contulisti
1357 3967 1476 4033 spe
1521 3946 1781 4011 humani
1827 3944 2108 4028 generis.
2722 3933 2809 3999 10

1310 4158 1397 4224 ad
1436 4161 1698 4223 sextam.

503 4305 857 4372 Benedicta
904 4309 989 4376 sit
1031 4308 1319 4375 inmensa
1363 4312 1763 4396 sempiterna
1806 4308 2094 4385 trinitas,

510 4430 704 4493 quam
748 4413 1058 4494 cognovit
1100 4414 1268 4478 inter
1312 4423 1543 4498 gentes
1586 4412 1951 4478 Katherina
1993 4406 2325 4493 perditas;
2430 4473 2435 4478 .

509 4564 695 4642 Quod
740 4585 865 4631 nec
909 4585 1107 4632 sexus
1150 4587 1274 4634 nec
1318 4570 1530 4635 aetatis
1574 4568 1821 4635 amovit
1863 4565 2218 4650 fragilitas,

511 4669 629 4732 sed
677 4670 926 4735 honore
969 4673 1290 4756 passionis
1334 4682 1437 4740 est
1478 4694 1604 4741 usa
1647 4671 2006 4757 virginitas.

284 4800 457 4857 itone,
487 4797 661 4845 latein.
694 4800 942 4857 nymnen.
982 4802 1071 4850 111.
1884 4789 1887 4792 ¹
2302 4770 2394 4837 2⁴¹
