3175 5234
340 312 466 377 128

864 705 1033 798 718.
1111 703 1443 802 Hymnus
1493 700 1580 772 de
1635 726 1691 772 s.
1745 698 2027 804 Thomu
2083 695 2427 796 apostolo.

339 912 617 977 Fructus
667 907 848 972 floris
894 905 1203 987 virginei,
1701 901 1755 965 Ο
1802 901 2048 965 Thomu
2091 917 2212 983 pro
2258 897 2446 963 nobis
2492 914 2611 960 ora

341 1016 564 1079 cibans
609 1017 874 1075 sanctos
920 1009 984 1071 in
1031 1009 1278 1091 patria,
1389 997 1396 1002 ’
1701 1013 1768 1068 et
1812 1004 1875 1068 in
1923 1003 2055 1067 fide
2099 1020 2221 1067 nos
2265 1004 2535 1065 robora.

342 1116 523 1181 dedit
563 1118 627 1179 in
677 1116 877 1178 robur
922 1111 1076 1176 fidei
1700 1108 1896 1173 visita
1939 1125 2061 1170 nos
2109 1106 2247 1169 sine
2292 1122 2511 1185 mora,
2881 1106 2965 1165 15
3016 1159 3025 1162 -

341 1216 785 1281 laborantibus
828 1216 891 1277 in
937 1214 1046 1277 via
1702 1208 2011 1274 defensor
2055 1208 2280 1272 mortis
2322 1208 2388 1271 in
2433 1206 2615 1270 hora.

341 1401 651 1465 Thomam
699 1400 935 1463 olivam
984 1397 1242 1479 gratiae,
1554 1400 1593 1458 5
1700 1398 1909 1482 Hujus
1925 1447 1942 1481 ,
1990 1396 2285 1480 Christe,
2332 1396 2700 1480 precamine

344 1505 630 1567 salutare
676 1500 1055 1582 remedium,
1698 1503 1806 1567 fao
1850 1503 1916 1565 in
1961 1511 2072 1566 tua
2117 1499 2485 1582 dulcedine,

342 1623 569 1668 verum
606 1603 805 1687 jubar
850 1602 1122 1682 laetitiae,
1700 1622 1820 1668 nos
1867 1610 2184 1685 purgatos
2231 1623 2272 1665 a
2314 1602 2576 1666 crimine

344 1697 677 1787 singulare
722 1703 1115 1788 praesidium.
1693 1705 2045 1790 jocundari
2090 1706 2228 1768 sine
2274 1703 2421 1767 fine.
2872 1702 2959 1765 20

344 1895 466 1959 Hic
511 1893 769 1959 discens
815 1893 1258 1976 experimento
1702 1894 1845 1957 Tibi
1891 1894 2034 1957 laus
2081 1900 2145 1956 et
2190 1892 2553 1972 aeternitaS,

341 1998 671 2078 surgentis
720 1994 961 2059 Christi
1007 1996 1281 2059 dextera
1514 1997 1595 2060 10
1704 1997 1870 2060 trina
1917 2003 1984 2058 et
2027 2015 2156 2059 una
2203 1995 2448 2075 deitas,

345 2118 490 2164 cum
535 2098 842 2161 virtutum
888 2098 1284 2161 incremento
1703 2105 1773 2161 tu
1817 2098 2003 2162 nobis
2054 2117 2218 2160 vera
2264 2097 2571 2161 sanctitas

344 2210 544 2266 totam
588 2201 771 2265 fulcit
815 2200 1178 2264 ecclesiam.
1702 2209 1768 2263 et
1815 2207 2063 2263 aeterna
2107 2199 2398 2264 felicitas.

521 2385 616 2439 Hs.
667 2402 737 2439 zu
770 2380 1062 2452 Miinchen’,
1099 2383 1237 2439 clm.
1273 2385 1465 2438 13087.
1499 2381 1537 2437 f.
1572 2384 1696 2438 289.
1736 2387 1802 2438 12
1838 2385 2035 2439 Jahrh.

520 2508 591 2559 10
628 2505 858 2560 dextera
896 2504 1066 2558 reimt
1098 2504 1282 2572 nicht,
1346 2503 1437 2559 ich
1473 2504 1711 2575 gladie,
1766 2519 1893 2559 man
1931 2505 2102 2560 sollte
2152 2506 2274 2560 hier
2311 2506 2598 2561 dexteram
2632 2506 2789 2560 lesen
2843 2506 2965 2561 und.
3000 2541 3007 2548 ·

347 2596 412 2646 12
440 2597 617 2647 totam
645 2591 938 2645 auslassen
969 2590 1079 2644 und
1107 2588 1427 2645 fulcientem
1454 2598 1662 2658 setzen,
1701 2592 1848 2646 daun
1876 2590 2141 2646 beziehen
2171 2592 2291 2646 sich
2324 2594 2529 2646 10-12
2556 2590 2664 2647 auf
2681 2593 2961 2662 Christus,

343 2696 468 2734 was
507 2678 606 2732 der
644 2678 894 2747 Strophe
933 2677 1098 2731 einen
1133 2677 1251 2729 viel
1285 2678 1519 2733 bessem
1553 2679 2036 2750 zusammenhang
2072 2679 2223 2750 gibt,
2271 2680 2359 2734 als
2396 2679 2503 2734 den
2541 2679 2623 2734 sie
2652 2680 2805 2751 jetzt
2838 2681 2960 2736 hat.

347 2767 414 2820 16
455 2766 649 2819 besser
686 2765 904 2819 scheint
939 2764 1046 2818 mir
1082 2760 1333 2818 defende.

521 2887 588 2941 V.
625 2890 672 2941 1.
706 2890 757 2941 2.
805 2885 930 2940 sind
964 2886 1415 2959 Umschreibnng
1449 2885 1544 2942 fiir
1574 2891 1730 2959 panis
1766 2890 2002 2956 ccelesiis,
2053 2888 2194 2942 denn
2243 2892 2421 2958 patria
2455 2888 2531 2945 ist
2568 2889 2669 2944 der
2704 2889 2961 2944 uimmel.

345 2977 452 3032 No.
489 2978 542 3044 3,
579 2977 628 3030 3.
689 2976 794 3030 No.
831 2975 955 3042 300,
991 2976 1076 3032 45.
1133 2974 1239 3030 No.
1276 2976 1399 3044 301,
1438 2978 1484 3030 1.
1536 2976 1644 3030 No.
1682 2976 1764 3046 68,
1804 2978 1887 3030 12.
1945 2976 2048 3031 Νο.
2089 2977 2174 3045 81,
2212 2980 2279 3030 ’75
2315 2975 2412 3048 fig.

525 3061 591 3114 V.
628 3063 680 3115 3.
737 3060 914 3115 robur
949 3058 1096 3116 fidei.
1153 3061 1290 3116 Plus
1327 3061 1492 3117 nobis
1528 3063 1760 3117 Thomae
1796 3059 2100 3118 infidelitas
2136 3063 2210 3118 ad
2243 3060 2424 3134 fidem,
2461 3079 2625 3134 qnam
2657 3060 2798 3118 fides
2835 3078 2962 3118 cre-

350 3142 594 3204 dentium
634 3147 1035 3217 discipulorum
1068 3145 1310 3218 profuit.
1383 3148 1603 3218 Greqor.
1638 3149 1709 3203 M.
1746 3151 1893 3205 hom.
1929 3152 1986 3202 in
2022 3165 2108 3203 ev.
2142 3152 2193 3219 2,
2229 3152 2316 3218 26,
2353 3154 2404 3204 Ἰ.

518 3323 680 3378 Noch
735 3323 825 3376 ein
874 3321 1014 3376 Lied
1063 3318 1171 3376 auf
1219 3321 1408 3377 diesen
1456 3322 1697 3392 Apostel
1750 3338 1866 3377 von
1922 3323 2045 3378 dem
2079 3322 2248 3376 Prior
2285 3322 2508 3378 Kourat
2560 3337 2675 3378 von
2720 3322 2960 3393 Gaming

351 3411 505 3465 steht
540 3410 597 3463 in
639 3410 739 3463 der
775 3409 1121 3463 Miinchener
1158 3410 1252 3464 Hs.
1290 3409 1428 3466 Clm.
1464 3410 1606 3463 3012
1660 3409 1772 3464 und
1806 3410 1864 3463 in
1901 3408 2001 3464 der
2037 3408 2423 3463 Reichenauer
2475 3408 2581 3463 No.
2616 3409 2702 3463 36.
2755 3405 2795 3462 f.
2836 3408 2957 3462 182.

347 3495 447 3550 mit
483 3495 690 3549 diesem
728 3491 983 3564 Anfang:

485 3614 659 3669 Salve
696 3613 989 3683 pulchrum
1024 3615 1180 3669 sidus
1217 3613 1377 3683 coeli,
1604 3681 1610 3686 ι
1839 3633 1875 3670 o
1912 3617 2175 3686 apostole
2211 3617 2418 3672 dilecte
2437 3659 2450 3686 ,

486 3705 544 3754 te
583 3699 773 3754 saluto
811 3715 958 3755 nunc
993 3697 1148 3754 fideli
1840 3708 2035 3757 sancte
2072 3704 2287 3759 Thema
2326 3704 2684 3780 praecinente,

558 3791 768 3855 mente,
804 3784 952 3841 flexo
990 3786 1237 3856 poplite,
1905 3789 2034 3843 coeli
2071 3791 2334 3861 princeps
2372 3791 2576 3846 inclite.

963 4084 1133 4192 719.
1205 4085 1323 4158 De
1378 4111 1431 4156 s.
1484 4084 1823 4198 Matthaeo
1876 4089 2367 4185 (troparium).

349 4317 406 4378 1.
451 4313 522 4377 In
566 4313 752 4377 deum
799 4314 1045 4378 exultet
1081 4312 1422 4398 jubilando
1811 4315 2082 4393 Quando
2111 4314 2405 4380 Christus
2433 4315 2630 4381 Jesus
2662 4315 2743 4380 ad
2774 4336 2846 4380 se
2920 4319 2960 4380 5

452 4436 606 4481 caro
652 4427 719 4481 et
763 4436 878 4483 cor
918 4426 1239 4502 nostrum,
1807 4422 2072 4485 vocavit
2115 4421 2511 4487 Matthaeum.

451 4555 702 4619 Etenim
747 4575 979 4640 passer
1705 4561 1763 4623 2.
1812 4554 2253 4623 Ascensiones

451 4655 784 4720 adinvenit
828 4658 953 4721 sibi
997 4658 1287 4742 domum,
1808 4663 1874 4725 in
1923 4660 2119 4727 corde
2167 4664 2276 4768 qui
2320 4671 2474 4727 tunc
2521 4661 2868 4746 disposuit,
