3175 5234
330 281 462 347 118

508 473 606 530 Hs.
656 490 726 526 zu
763 472 1054 542 stuttgart
1102 470 1266 524 BreV.
1307 470 1424 522 101.
1476 464 1514 521 f.
1557 467 1643 520 50.
1700 468 1767 519 15
1807 466 2005 521 Jahrb.
2056 467 2182 535 (A).
2257 467 2359 521 Bei
2412 466 2642 523 Thomas.
2678 470 2784 522 355
2833 471 2971 540 (B).

330 560 438 618 Boi
474 561 633 616 Bebel
663 557 702 613 s.
737 562 772 613 2
810 560 932 628 (G).
1005 557 1105 612 Bei
1143 557 1460 611 Cttcmoveus
1494 551 1534 607 f.
1571 555 1642 605 21
1683 552 1806 622 (D).

509 705 544 756 2
585 715 793 770 corpus
831 697 899 752 de
934 701 1113 751 matre
1150 693 1259 749 Ac.
1336 694 1402 745 15
1437 691 1606 746 Jesus
1648 686 1793 744 fehlt
1829 692 1894 745 A.
1970 692 2037 744 16
2073 696 2252 746 sumet
2288 693 2354 746 A.
2428 694 2494 745 21
2535 693 2756 762 accepit
2795 693 2967 762 BCD,

332 785 429 845 fiir
465 788 570 843 den
608 787 749 841 Vers
786 785 1012 852 besser,
1050 782 1188 836 aber
1223 795 1331 834 vor
1366 777 1476 832 und
1516 776 1661 832 nach
1700 776 1854 831 steht
1889 778 1991 831 das
2030 778 2292 832 Prfiseus.
2364 780 2435 833 32
2473 775 2808 834 famulemur
2844 780 2966 834 BD.

1070 1135 1240 1205 709.
1315 1129 1675 1203 Johannis
1730 1129 2198 1228 evang-elistae.

343 1377 626 1443 Verbum
674 1374 809 1455 dei,
859 1372 983 1435 deo
1029 1378 1276 1450 natum,
1698 1368 1845 1432 coeli
1874 1346 2032 1431 'cum
2080 1369 2433 1432 sacrarium
2876 1371 2968 1433 30

345 1480 516 1562 quod
560 1497 684 1541 nec
726 1477 995 1555 factum,
1043 1493 1163 1536 uec
1208 1475 1490 1535 creatum
1700 1469 1996 1535 Christus
2043 1491 2222 1536 suum
2267 1473 2471 1537 lilium

429 1582 606 1645 venit
652 1580 733 1642 de
781 1578 1186 1655 coelest.ibuS‚
1699 1575 1832 1637 filio
1878 1575 2140 1639 tonitrui

337 1685 467 1751 hoc
511 1682 698 1762 vidit,
745 1682 870 1743 hoc
915 1678 1315 1757 attrectavit,
1449 1683 1457 1690 ‘
1700 1680 1819 1741 sub
1868 1679 2104 1741 amoris
2151 1677 2347 1740 mutui

340 1790 470 1853 hoc
514 1785 594 1848 de
642 1785 808 1849 coelo
854 1783 1173 1845 reseravit
1554 1784 1593 1841 5
1786 1799 1951 1864 pace
2000 1777 2485 1844 commendavit.

430 1891 766 1955 Johannes
808 1886 1184 1952 hominibus,

1702 1985 1932 2048 Haurit
1978 1984 2155 2046 virus
2202 1983 2309 2046 hic
2353 1981 2626 2063 lethale,
2877 1983 2964 2044 35

340 2098 517 2166 Inter
561 2100 708 2162 illos
752 2096 1110 2179 primitivos
1701 2088 1810 2151 ubi
1857 2105 2093 2169 corpus
2140 2086 2460 2167 virginale

338 2221 536 2267 veros
581 2202 721 2265 veri
766 2201 960 2263 fontis
1006 2200 1184 2261 rivos
1788 2191 1994 2252 virtus
2040 2196 2261 2251 servat
2308 2187 2488 2250 fidei:

430 2306 766 2370 Johannes
823 2304 1057 2382 exiliit,
1702 2315 1899 2378 poena
1945 2303 2191 2377 stupet,
2233 2294 2406 2375 quod
2454 2296 2515 2356 in
2561 2312 2758 2377 poena

341 2410 459 2475 toti
506 2407 741 2472 mundo
788 2405 1139 2487 propinare
1515 2400 1594 2460 10
1706 2400 1788 2462 sit
1833 2397 2166 2461 Johannes
2210 2399 2348 2459 sine
2393 2415 2587 2479 poena

341 2518 574 2575 nectar
617 2508 774 2571 illud
823 2506 1144 2584 salutare,
1793 2501 2116 2565 bullientis
2162 2500 2308 2562 olei.
2782 2575 2787 2580 .
2879 2501 2966 2561 40

430 2611 603 2694 quod
650 2618 714 2674 te
762 2610 994 2673 throno
1039 2605 1298 2692 prodiit.
1360 2700 1364 2703 .

1707 2708 1829 2771 Hic
1874 2707 2120 2771 naturis
2165 2705 2467 2787 imperat,

340 2816 594 2881 Coelum
639 2816 898 2896 transit,
944 2813 1083 2875 veri
1131 2819 1340 2875 rotam
1706 2817 1777 2873 ut
1826 2817 1892 2871 et
1936 2827 2095 2871 saxa
2143 2807 2491 2869 transferat

340 2922 499 2985 solis
544 2918 726 2982 videt
769 2917 892 2997 ibi,
940 2923 1139 2979 totam
1792 2911 1855 2972 in
1904 2909 2104 2972 decus
2150 2926 2585 2990 gemmarum3

428 3023 658 3086 mentis
704 3020 915 3103 figens
963 3020 1196 3084 aciem:
1518 3019 1595 3079 15
1708 3030 1835 3094 quo
1872 3012 2144 3094 jubente
2190 3011 2421 3091 riguit,

339 3126 717 3209 speculator
755 3125 1060 3208 spiritalis
1707 3133 1930 3178 aurum
1977 3115 2220 3177 fulvum
2265 3111 2469 3176 induit
2877 3116 2964 3175 45

339 3231 527 3312 quasi
576 3228 901 3312 seraphim
949 3230 1067 3290 sub
1115 3227 1232 3290 alis
1792 3219 2051 3300 virgula
2096 3218 2420 3280 silvarum.

429 3331 535 3396 dei
578 3331 759 3398 videt
802 3332 1049 3396 faciem.

1706 3429 1827 3492 Hic
1871 3428 2186 3490 infernum
2233 3431 2511 3505 reserat,

344 3532 572 3599 Audiit
619 3535 685 3597 in
728 3551 899 3615 gyro
946 3531 1148 3610 sedis,
1704 3531 1892 3595 morti
1926 3531 2144 3613 jubet,
2197 3529 2468 3608 referat,

342 3634 497 3716 quid
544 3634 828 3716 psallant
871 3652 1017 3697 cum
1064 3630 1437 3696 citharoedis
1511 3633 1595 3695 20
1792 3652 1953 3716 quos
1998 3653 2317 3696 venenum
2363 3617 2625 3708 stravit3

430 3744 659 3817 quater
705 3736 844 3797 seui
889 3752 1218 3818 proceres
1705 3738 2003 3816 obstruit,
2053 3734 2225 3816 quod
2269 3733 2504 3813 Ebion,
2877 3734 2963 3795 50

339 3836 424 3902 de
472 3837 687 3919 sigillo
719 3838 1068 3918 trinitatiS,
1706 3839 2049 3904 Cerinthus
2098 3845 2164 3900 et
2208 3836 2502 3901 Marcion

339 3950 585 4007 nostrae
629 3960 820 4006 numo
866 3942 1145 4006 civitatis
1788 3941 2040 4027 perfide
2087 3942 2369 4006 latravit.

428 4045 754 4129 impressit
800 4046 1232 4110 characteres,

1701 4153 1900 4219 Volat
1940 4155 2081 4218 avis
2128 4155 2266 4218 sine
2310 4160 2521 4233 meta,

344 4251 471 4318 [ste
518 4264 733 4320 custos
780 4257 1051 4339 virginis
1510 4258 1592 4319 25
1702 4274 1829 4337 quo
1871 4274 1997 4319 nec
2040 4263 2226 4319 vates
2275 4273 2399 4318 nec
2443 4251 2770 4336 propheta

341 4374 644 4421 arcanum
691 4360 957 4439 originis
1789 4360 2077 4424 evolavit
2121 4361 2346 4439 altius;
2870 4358 2956 4417 55

338 4456 579 4522 divinae
623 4464 1029 4544 mysterium,
1700 4471 1830 4526 tam
1876 4461 2203 4544 implenda
2249 4480 2437 4543 quam
2486 4460 2784 4543 impleta,

338 4563 630 4627 scribens
677 4567 1112 4650 evangelium,
1700 4583 2021 4644 nunquam
2068 4562 2231 4627 vidit
2276 4571 2371 4626 tot
2414 4569 2672 4626 secreta

428 4667 662 4730 mundo
712 4667 1116 4750 designavit3
1788 4685 1987 4749 purus
2033 4665 2225 4730 homo
2266 4667 2506 4749 purius
