3175 5234
937 436 1303 521 m·
1855 443 1998 527 ejus
2036 442 2233 527 digne
2262 442 2685 510 recolentibus
2715 444 2976 529 eunomia

488 573 804 642 Sanctum
845 592 1082 640 nome„
1130 575 1371 641 domini
1854 562 2126 628 quorum
2167 561 2288 609 nos
2333 551 2662 609 consortes

489 674 913 760 magnificent
957 693 1181 741 omes
1224 677 1451 761 populi
1850 648 1918 712 in
1963 646 2311 713 dilectione
2356 646 2559 711 fortes
2904 648 2977 711 130

492 782 605 866 qui
646 780 1052 864 Mal-gant„
1463 724 1483 759 ⁹
1662 784 1746 846 25
1848 746 2052 812 faciat
2093 746 2181 811 ad
2226 766 2411 812 suam
2453 746 2702 813 laudem

488 883 641 949 fusa
682 882 769 948 ad
814 902 961 948 Qum
1000 901 1206 966 ‘pl-300
1853 871 1975 934 per
2017 851 2267 916 infinita
2310 851 2571 917 Saefflla·
2653 868 2827 914 amen.

490 988 791 1073 promisit
832 1006 907 1052 se
952 986 1252 1053 daturum
1285 986 1441 1051 vitae
1477 986 1752 1070 praemia

671 1173 770 1229 Rs.
805 1190 878 1229 zu
912 1175 973 1231 S.
1009 1177 1209 1235 Gallen
1243 1177 1349 1232 No.
1383 1177 1507 1231 472.
1543 1176 1604 1232 S.
1641 1178 1707 1230 11
1744 1172 1842 1246 ῦς.
1883 1175 1950 1228 13
1985 1171 2183 1228 Jahrh.
2239 1167 2341 1226 mit
2375 1171 2484 1225 den
2520 1169 2713 1223 Noton.
2772 1165 2833 1220 Es
2858 1164 2978 1219 stetu

486 1261 552 1321 in
586 1259 774 1317 dieser
808 1261 906 1318 Hs.
943 1264 1094 1318 noch
1127 1263 1383 1317 mehrere
1420 1259 1661 1320 Officien
1696 1259 1806 1316 auf
1832 1260 2044 1315 andere
2079 1257 2369 1328 Heiligen‚
2426 1255 2569 1310 eben
2605 1270 2668 1310 so
2701 1251 2977 1324 cingeriehtet

490 1346 570 1405 Es
605 1346 753 1403 wird
787 1348 845 1402 in
881 1348 1117 1403 solchen
1154 1346 1393 1404 Officien
1428 1348 1747 1404 manchmal
1783 1348 1872 1402 die
1908 1344 2258 1415 Abtheilung
2297 1343 2662 1411 beobachtet,
2695 1340 2807 1395 dass
2834 1337 2899 1392 die
2920 1337 2979 1391 llo·

491 1434 832 1507 sponsorien
868 1434 957 1490 die
991 1434 1256 1506 Legende
1271 1475 1287 1505 ,
1351 1434 1442 1488 die
1477 1436 1841 1507 Antiphonen
1889 1433 1982 1491 die
2018 1430 2323 1488 Loblieder
2362 1430 2464 1486 des
2503 1428 2748 1500 Heiligen
2763 1423 2979 1485 ,enthaltek

670 1554 787 1609 Der
818 1552 1108 1627 Eingang,
1168 1554 1274 1611 das
1308 1554 1705 1612 Invitatorium
1752 1556 1867 1613 und
1914 1554 2100 1627 einige
2137 1553 2564 1624 Responsorien
2611 1549 2726 1605 sind
2754 1547 2979 1603 nemetes

493 1640 598 1697 mit
631 1638 941 1712 gereimten
978 1643 1249 1698 Casuren.

671 1731 745 1785 26
779 1731 858 1785 ist
890 1745 1016 1784 eam
1049 1729 1448 1819 beizudenken.
1520 1731 1595 1785 to
1630 1729 1730 1785 sed
1764 1727 1861 1786 fiir
1898 1735 1973 1801 et,
2008 1730 2105 1786 lis.
2172 1730 2244 1787 63
2281 1744 2536 1801 sperans,
2572 1727 2664 1783 Hs.
2727 1727 2788 1780 '¹13
2809 1719 2977 1789 haiam

494 1818 569 1873 9⁵7
602 1817 868 1889 carceris,
901 1818 1000 1875 Es.
1070 1818 1140 1872 98
1176 1817 1487 1886 assistitur,
1523 1816 1623 1873 Hs.
1696 1819 1800 1872 109
1836 1832 2091 1888 praesens
2130 1848 2196 1859 -
2234 1814 2461 1886 afferre,
2498 1815 2594 1872 Hs.

1317 2099 1535 2175 1043.
1601 2098 1720 2171 De
1771 2124 1826 2169 s.
1878 2100 2310 2199 Margareta.

996 2319 1052 2385 Ο
1106 2321 1254 2386 coeli
1309 2319 1485 2402 aula,
1555 2319 1703 2383 luce
1761 2319 2020 2402 fulgens
2075 2318 2301 2403 aureA,

996 2423 1178 2505 regis
1235 2421 1466 2486 aeterni
1520 2420 1874 2504 splendore
1931 2422 2359 2506 praefulgida,

993 2543 1194 2591 rosea
1247 2525 1394 2590 fuso
1451 2524 1769 2607 sanguine
1826 2525 2164 2607 virgineo,

995 2630 1190 2715 hujus
1243 2628 1374 2695 diei
1425 2636 1499 2694 ut
1554 2634 1831 2694 testatur
1890 2627 2229 2712 gaudium,

995 2816 1138 2896 Qua
1201 2819 1586 2902 Margareta
1638 2817 1849 2884 fidelis
1914 2817 1999 2883 ad
2055 2818 2305 2883 aethera
2760 2885 2767 2892 ,
2966 2804 2986 2863 ⁵

991 2930 1172 2988 astra
1228 2920 1609 2987 conscendit
1661 2921 1920 2986 sublimi
1976 2921 2254 2986 victoria
2269 2969 2288 3001 ‚

990 3027 1180 3111 cujus
1238 3026 1628 3110 triumphum
1687 3024 1879 3090 laude
1934 3024 2200 3108 dignum
2255 3025 2526 3093 colimus

993 3129 1130 3195 fide
1189 3129 1410 3194 devoti
1467 3128 1704 3214 plausu
1759 3137 1827 3194 et
1876 3127 2179 3212 tripudio.

987 3316 1132 3386 Ictu
1191 3320 1313 3383 sub
1371 3317 1546 3381 ensis
1598 3324 1780 3382 stans
1833 3325 1980 3382 orat
2035 3317 2372 3399 alacriter,

989 3423 1180 3505 signo
1237 3422 1464 3487 salutis
1519 3428 1814 3488 sanctam
1864 3421 2132 3505 signans
2194 3422 2467 3487 animam
2485 3468 2504 3504 ,
2689 3444 2695 3449 ·
2948 3402 2992 3466 1⁰

988 3530 1167 3588 tacta
1223 3524 1467 3606 quievit
1524 3522 1748 3590 saeculi
1807 3523 2067 3589 fastidio

990 3627 1326 3709 complens
1386 3644 1664 3709 agonem
1716 3627 1963 3692 funeris
2018 3626 2424 3712 compendio.

994 3806 1284 3874 Tandem
1339 3821 1682 3897 perempta
1727 3815 1959 3898 juncta
2010 3822 2112 3881 est
2163 3816 2591 3900 martyribus,

990 3912 1192 3977 vitam
1247 3935 1603 3999 perennem
1655 3919 1952 3984 laureata
2004 3920 2338 4004 possidet,

991 4015 1186 4100 hujus
1231 4032 1351 4082 nos
1395 4037 1625 4103 prece,
1684 4019 1972 4102 Christe,
2034 4041 2293 4106 semper
2335 4013 2640 4106 protege
2947 3998 2993 4064 ¹⁵
3043 4076 3048 4093 .

993 4126 1192 4204 atque
1247 4123 1456 4190 beatis
1502 4124 1716 4208 junge
1773 4125 1922 4190 coeli
1980 4127 2228 4192 civibus
2246 4174 2265 4210 ‚

989 4306 1118 4376 Ubi
1172 4318 1544 4376 sanctorum
1599 4311 1839 4378 chorus
1892 4313 2140 4395 gaudet
2196 4316 2506 4398 omnium,

986 4413 1098 4479 ubi
1144 4412 1471 4497 justorum
1522 4432 1782 4498 semper
1837 4416 1962 4482 erit
2021 4416 2365 4500 gaudium,

981 4515 1094 4582 ubi
1146 4519 1361 4583 beatae
1414 4536 1677 4602 semper
1730 4520 2022 4603 gaudent
2077 4522 2312 4587 animae

982 4627 1325 4686 cernentes
1378 4641 1605 4705 regem
1658 4623 1727 4688 in
1787 4623 2027 4691 decore
2079 4624 2456 4707 fulgentem.
2942 4596 2991 4663 ²⁰
