3175 5234
2672 315 2804 396 821

166 505 394 572 Vitam
437 521 582 571 eum
626 509 835 567 matre
878 499 1140 585 pietatis
1431 524 1438 530 ·
1542 499 1746 580 Quem
1786 520 1912 586 pro
1953 503 2142 569 nohis
2187 502 2550 588 deprecare
2569 553 2589 590 ,

73 631 78 636 ·
169 608 418 674 duxisti
462 614 531 672 et
571 603 997 690 perennitatis
1542 611 1618 668 ut
1659 604 1727 668 in
1768 603 1934 670 hora
1976 604 2201 670 mortis
2245 606 2424 673 clare

261 709 571 775 heredem
616 710 725 792 pie
768 706 1023 773 donasti
1041 753 1060 784 ‚
1628 706 1756 770 tuis
1799 707 2105 790 precibus
2150 706 2535 792 adjuvemur
2555 760 2573 794 ‚
2714 713 2797 775 15

167 900 250 966 In
294 898 646 966 subsidium
688 897 1094 982 paupertatis
1347 895 1427 959 10
1531 893 1748 960 Finita
1792 896 1929 961 vita
1972 897 2309 982 hospitare

168 1004 422 1068 intrans
467 1001 816 1068 claustrum
860 999 1200 1081 claritatis,
1531 1017 1678 1064 cum
1718 997 1927 1064 Jhesu
1971 997 2234 1066 Christo
2280 1010 2346 1067 et
2392 1021 2655 1068 coenare

259 1106 327 1170 in
372 1121 500 1186 quo
546 1100 808 1168 Christo
854 1101 1180 1167 famulasti
1200 1121 1219 1183 3
1519 1135 1524 1140 -
1617 1108 1687 1165 et
1720 1118 1862 1165 cum
1908 1100 2134 1166 electis
2178 1104 2593 1185 gratulemur.

351 1286 615 1358 Pap.-fls.
648 1301 761 1342 von
795 1285 1117 1341 Reichenau
1154 1303 1225 1341 zu
1261 1285 1575 1342 Karlsruhe
1621 1285 1728 1342 No.
1768 1286 1855 1340 36.
1893 1284 1978 1340 Bl.
2014 1286 2136 1340 2⁰⁷.
2184 1302 2286 1342 aus
2320 1286 2446 1343 dem
2482 1289 2549 1342 15
2584 1288 2770 1345 Jahrh

172 1376 325 1432 ohne
362 1372 707 1444 Abtheilung
741 1372 842 1428 der
877 1372 1055 1428 Verse
1092 1373 1206 1428 und
1241 1371 1549 1444 Strophen.

1143 1656 1319 1731 949.
1401 1655 1520 1728 De
1571 1654 1834 1728 eadem.

172 1857 331 1926 Ave
377 1857 749 1940 Gertrudis,
793 1858 986 1940 virgo
1031 1864 1256 1941 grata,
1534 1856 1590 1922 0
1634 1859 1826 1941 virgo
1869 1858 2367 1939 misericordiae,

175 1983 265 2026 ex
308 1961 520 2043 regali
563 1961 766 2044 stirpe
812 1967 992 2041 nata,
1531 1958 1810 2024 feliciter
1854 1978 1971 2024 ora
2704 1964 2790 2030 10

171 2064 480 2147 leprosos
524 2060 842 2125 mundare
880 2078 1012 2124 non
1054 2060 1360 2144 sprevisti
1532 2059 1804 2125 Jhesum
1847 2059 2081 2125 Mariae
2124 2059 2322 2125 filium
2340 2109 2357 2144 ,

174 2166 263 2229 ob
312 2178 593 2227 amorem
639 2162 847 2227 Jhesu
895 2160 1168 2252 Christi,
1534 2169 1604 2225 ut
1649 2160 1834 2225 nobis
1882 2159 1993 2225 det
2037 2162 2341 2226 auxilium

174 2266 374 2334 caeois
419 2266 588 2330 viam
633 2265 1122 2347 demonstrasti,
1390 2267 1428 2327 5
1534 2264 1885 2345 benignum
1929 2272 1998 2328 et
2042 2265 2387 2348 hospitium

171 2384 504 2454 pauperes
550 2375 617 2431 et
660 2366 868 2432 nudos
916 2367 1286 2450 collocasti,
1533 2385 1705 2431 nunc
1751 2373 1819 2430 et
1863 2368 1927 2431 in
1972 2376 2356 2451 perpetuum

265 2471 497 2553 quibus
542 2477 610 2535 tu
655 2469 938 2553 hospitia
1125 2559 1132 2560 γ
1619 2470 1686 2533 in
1736 2486 1855 2535 suo
1899 2470 2147 2559 palatio
2705 2475 2789 2536 15

268 2572 504 2638 dedisti
548 2574 944 2638 suavissima.
1622 2593 1764 2639 cum
1802 2581 2049 2638 aeterno
2095 2574 2354 2659 gaudio.

353 2758 619 2815 Daselbst
651 2759 780 2829 (R),
820 2762 964 2815 auch
999 2760 1071 2813 im
1108 2757 1381 2814 Hortalus
1417 2757 1617 2813 animae
1654 2758 1740 2813 Bl.
1778 2761 1880 2813 135
1916 2759 2046 2829 (Η).

362 2882 400 2935 4
438 2881 552 2938 Jes.
591 2877 737 2936 fehlt
770 2880 833 2935 R.
936 2882 972 2935 6
1023 2887 1081 2938 et
1116 2878 1261 2936 fehlt
1294 2881 1359 2935 R.
1467 2883 1503 2934 7
1557 2886 1620 2936 tu
1656 2878 1801 2946 fehlt
1833 2881 1896 2936 R.
2002 2884 2038 2937 9
2073 2884 2193 2940 mis.
2228 2882 2376 2941 fehlt
2407 2884 2474 2940 Η.
2584 2884 2655 2939 10
2686 2873 2791 2940 des

175 2969 402 3026 Reimes
438 2985 640 3041 wegen
675 2967 849 3023 sollte
889 2971 1033 3024 nach
1068 2986 1174 3025 ora
1209 2973 1362 3024 etwa
1395 2967 1488 3041 pie
1524 2967 1736 3024 stehen.
1812 2971 1878 3022 14
1906 2966 2051 3023 fehlt
2086 2969 2149 3024 R.

821 3252 994 3326 950.
1061 3249 1412 3325 Gereonio
1472 3264 1541 3325 et
1595 3254 1944 3325 sociorum
1993 3252 2164 3350 ejus.

176 3466 518 3550 Majestati
559 3475 996 3532 sacrosanctae
1149 3489 1153 3493 *
1539 3465 1737 3531 Cives
1781 3464 2010 3532 domus
2054 3463 2412 3531 Pharaonis

175 3571 462 3636 militans
506 3588 646 3634 cum
692 3571 1124 3654 triumphante
1540 3571 1866 3637 civitatem
1913 3571 2181 3635 visionis

261 3673 501 3757 jubilet
543 3674 821 3738 ecclesia
1625 3674 1889 3739 visitant
1930 3682 1997 3739 et
2038 3675 2421 3759 praesulem,
2709 3675 2794 3739 15

179 3778 270 3841 de
313 3775 636 3858 triumpho
684 3775 1110 3843 Thebaeorum
1541 3798 1583 3843 a
1622 3796 1751 3860 quo
1795 3780 1968 3843 sacri
2010 3778 2385 3845 catechismi

182 3887 255 3944 et
297 3879 506 3942 salute
550 3886 964 3963 peccatorum
1392 3883 1432 3944 5
1543 3882 1963 3950 sacramentis
2007 3888 2075 3946 et
2118 3881 2420 3965 baptismi

268 4000 391 4064 per
437 3980 666 4048 horum
710 3982 1040 4065 suffragia.
1629 3985 1996 4050 imbuuntur
2040 3985 2271 4066 gratia.

183 4171 272 4238 Hi
313 4179 462 4238 sunt
503 4172 627 4236 viri
671 4173 1077 4254 testamenti,
1542 4173 1769 4238 Rome
1812 4169 1944 4235 fide
1989 4169 2380 4251 confirmati,

183 4276 298 4358 qui
339 4277 587 4342 ninam
633 4274 999 4340 detrimenti
1546 4282 1762 4345 castra
1806 4281 2069 4338 movent
2110 4270 2394 4337 comitati
2711 4270 2799 4335 20

271 4385 586 4462 reparant
632 4379 941 4459 angelici,
1317 4437 1322 4442 ,
1630 4376 2066 4459 Romanorum
2109 4372 2389 4455 aquilas:

186 4479 314 4543 viri
359 4481 564 4544 fortes
610 4481 751 4542 veri
795 4479 1035 4561 David,
1357 4483 1437 4545 10
1547 4478 1648 4544 dis
1692 4479 1985 4564 profanis
2029 4475 2362 4541 immolare

193 4584 422 4664 quibus
467 4582 691 4647 hostes
736 4584 1138 4668 expugnavit
1373 4631 1386 4642 .
1536 4585 1730 4670 jubet
1772 4600 1981 4648 caesar
2026 4589 2095 4645 et
2136 4597 2383 4645 vocare

277 4706 569 4771 carnem,
616 4689 948 4773 mundum,
994 4688 1370 4754 daemonem.
1635 4688 2067 4772 Thebaeorum
2112 4686 2388 4771 agmina.

279 4819 453 4875 Mons,
484 4820 660 4865 lateln.
692 4822 940 4877 llymneu.
981 4822 1069 4868 111.
2303 4787 2389 4850 2¹
