3175 5234
2651 305 2783 370 153

375 729 547 804 743.
625 727 742 800 De
793 751 936 798 uno
994 736 1300 828 martyre
1350 727 1464 801 vel
1516 727 1815 827 simplici
1867 727 2291 802 confessore.
2346 757 2577 831 prosa.

161 966 472 1031 Psallens
516 965 674 1047 deo,
721 962 913 1048 Sion,
958 965 1175 1047 gaude

163 1070 328 1135 laeta
372 1088 573 1148 voce,
617 1068 817 1152 digna
856 1068 1053 1133 laude

257 1171 613 1237 eoneinens
656 1170 1008 1255 praeconia.

167 1358 609 1425 celebrentur
647 1360 716 1423 in
760 1358 886 1424 hae
928 1359 1034 1424 die

166 1462 486 1526 famulatu
527 1460 740 1544 plebis
784 1462 893 1546 pie

255 1563 339 1626 N.
385 1562 697 1626 solennia.

171 1751 334 1817 Oret
375 1751 589 1835 ipsum
639 1752 843 1816 omnis
885 1750 1112 1833 homo,

169 1865 242 1921 ut
287 1856 531 1919 mereri
569 1854 732 1919 lueis
779 1853 970 1919 domo

257 1962 420 2026 vitae
460 1960 670 2043 possit
711 1959 998 2043 praemia.

167 2152 424 2233 Psalle,
467 2151 708 2233 psalle,
752 2149 943 2233 plebs
987 2147 1229 2213 devota
1343 2149 1426 2212 1o

168 2271 341 2340 puro
387 2252 587 2318 eorde
606 2300 625 2334 ,
679 2259 894 2317 mente
938 2258 1078 2317 tota

260 2375 511 2421 summa
555 2354 719 2420 dans
762 2353 1060 2439 tripudia.

170 2545 328 2613 Ave
365 2554 615 2630 martyr
657 2547 976 2631 pretiose,

173 2649 355 2714 sedis
399 2665 670 2715 consors
716 2648 1056 2731 gloriosae,

261 2753 508 2817 sanetis
549 2772 682 2836 pax
723 2751 790 2816 in
835 2750 1067 2834 gloria.

1348 2749 1430 2811 15

1530 964 1783 1031 Ferens
1827 969 2014 1033 nobis
2061 988 2243 1054 spem
2293 973 2520 1040 salutis

1529 1070 1685 1136 lava
1726 1070 1967 1153 labem„
1988 1092 2029 1137 a
2071 1074 2339 1157 pollutis

1617 1174 1771 1240 mali
1814 1172 1968 1240 data
2011 1176 2224 1243 venia.

1529 1360 1760 1429 Foedae
1804 1364 2017 1428 earnis
2061 1364 2253 1430 luxus
2294 1366 2470 1450 pelle

1530 1471 1601 1529 et
1642 1473 1924 1549 purgato
1969 1464 2187 1530 cordis
2231 1465 2387 1532 felle
2698 1471 2783 1534 20

1622 1567 1749 1633 deo
1792 1586 1914 1633 nos
1960 1569 2254 1634 eoncilia.

1529 1754 1761 1822 Funde
1803 1774 2038 1839 preces
2080 1774 2205 1841 pro
2250 1757 2575 1842 peccatis,

1528 1867 1750 1926 notam
1794 1859 1943 1925 dele
1985 1862 2329 1945 pravitatis

1618 1971 1687 2028 et
1731 1969 2008 2028 mentem
2051 1962 2315 2027 irradia.

1532 2150 1715 2217 Sana
1755 2154 2018 2216 morbos
2063 2159 2131 2216 et
2173 2151 2560 2234 languores,
2692 2153 2775 2215 25

1532 2272 1692 2319 cura
1734 2258 1956 2337 pestes
2000 2259 2068 2317 et
2112 2249 2375 2316 dolores

1621 2364 1689 2420 et
1731 2356 1891 2438 fuga
1933 2354 2272 2421 daemonia.

1531 2543 1810 2610 Placens
1856 2543 1980 2610 deo
2024 2545 2221 2630 placa
2266 2564 2408 2610 eum
2425 2593 2444 2629 ,

1533 2668 1619 2712 ne
1663 2648 2049 2714 condemnet
2096 2650 2347 2734 plasma
2391 2669 2575 2715 reum

1624 2754 1837 2818 earnis
1880 2761 2031 2837 post
2074 2754 2288 2819 exitia.
2699 2752 2785 2816 30

352 2937 471 2990 Ans
510 2934 949 3007 gesehriebenen
985 2934 1262 2989 Zusitzen
1310 2931 1411 2987 des
1459 2935 1527 2987 15
1560 2934 1759 2990 Jahrb.
1808 2951 1879 2989 zu
1927 2935 2106 2990 einem
2149 2936 2304 2992 alten
2339 2936 2636 2991 Hessbueh
2671 2949 2786 2990 von

177 3022 518 3078 Nenhansen
551 3021 646 3077 hei
679 3018 1040 3087 Psorzheim.‚
1084 3020 1215 3077 Allo
1250 3019 1461 3075 dritten
1493 3018 1677 3075 verse
1713 3020 1925 3076 reimen
1958 3020 2016 3076 in
2044 3020 2116 3076 ia.

362 3145 399 3197 3
436 3143 743 3212 continens,
781 3143 879 3199 Hs.
952 3143 988 3198 8
1023 3141 1191 3212 dono,
1226 3142 1323 3197 Hs.

1021 3494 1194 3571 744.
1260 3495 1378 3567 De
1426 3520 1569 3568 uno
1620 3506 1943 3596 martyre.

184 3746 325 3832 Spe
371 3749 693 3813 mercedis
737 3758 803 3814 et
846 3767 1109 3815 coronae

183 3857 364 3920 stetit
410 3864 660 3938 martyr
705 3857 766 3920 in
807 3873 1021 3938 agone

269 3958 356 4024 ad
403 3967 675 4024 mortem
721 3959 1059 4041 obediens,

182 4069 391 4127 morte
438 4061 763 4129 Christum
807 4064 1111 4144 imitatae,

183 4163 314 4229 fide
364 4164 586 4230 firmus
632 4175 699 4230 et
743 4166 1033 4231 firmatus

267 4267 459 4334 firmo
503 4287 736 4352 gressu
780 4269 1104 4353 gradiens.

182 4456 371 4524 Furit
415 4458 608 4524 furor.
645 4459 969 4541 militaris,

181 4570 252 4627 ut
294 4561 401 4625 vir
445 4580 638 4626 sacer
680 4563 886 4628 saeris
931 4561 1063 4626 aris

264 4665 633 4732 immoletur
677 4666 889 4732 hostia
906 4687 927 4749 3

1538 3769 1731 3833 quem
1776 3748 2078 3814 occidunt
2112 3750 2491 3833 saevientes,
2704 3749 2785 3813 10

1536 3853 1951 3918 introducunt
1994 3854 2360 3919 nescientes

1625 3957 1711 4022 ad
1755 3966 2003 4022 aeterna
2048 3957 2306 4041 gaudia.

1394 4165 1433 4226 5
1539 4143 1782 4210 Christi
1826 4144 1983 4208 felix
2030 4144 2138 4207 hio
2181 4142 2423 4206 athleta
2444 4189 2462 4222 ,

1540 4248 1652 4331 qui
1696 4247 1911 4312 subire
1954 4252 2169 4309 mente
2207 4244 2360 4306 laeta

1624 4357 1898 4413 mortem
1942 4364 2073 4412 non
2117 4344 2485 4428 abhorruit,
2707 4345 2787 4410 15

1540 4462 1613 4518 ut
1656 4453 1741 4518 sit
1783 4452 1960 4518 salus
2002 4449 2400 4515 infirmorum

1541 4562 1611 4621 et
1652 4552 1907 4619 medela
1948 4560 2365 4637 peecatorum

1629 4658 1906 4742 gratiam
1947 4658 2322 4749 promeruit.
