3175 5234
133 478 308 545 Nam
350 473 694 557 scripturae
738 472 1097 538 auctoritas

131 587 202 646 et
247 595 440 644 sacra
483 577 718 643 clamat
766 577 1009 641 veritas
1026 625 1044 660 ,

129 701 376 766 corpus
417 681 711 765 peccatis
759 680 1081 746 subditum

135 793 433 852 sanctum
477 784 660 849 odire
707 785 1017 870 spiritum.

137 963 360 1029 Furor
402 972 471 1028 et
512 961 871 1045 indignatio

139 1068 376 1152 procul
417 1066 580 1133 fiant
612 1069 707 1145 ¹al)
755 1067 966 1130 animo
982 1112 1002 1149 ,
1076 1132 1083 1141 .

142 1189 337 1253 quem
380 1170 601 1235 tutelae
646 1169 1071 1235 sanctissimae
1143 1168 1149 1185 “

131 1272 456 1357 praeelegi
500 1274 913 1337 committere.

130 1450 285 1514 Non
330 1449 544 1514 odium
589 1458 967 1534 exasperet,

123 1555 452 1638 jactantia
495 1570 624 1619 non
670 1552 914 1636 elevet,

136 1657 309 1721 livor
354 1656 525 1722 edax
567 1675 697 1722 non
736 1664 953 1738 acuat,

144 1758 268 1822 sed
309 1778 442 1841 pax
484 1777 651 1823 vera
690 1756 1041 1842 possideat.

134 1938 485 2020 Mundum,
529 1938 588 2002 si
631 1936 832 2019 ridet,
879 1938 1152 2021 fugiam,

151 2049 263 2106 ant
305 2042 362 2105 si
406 2040 627 2122 saevit,
672 2040 1013 2124 irrideam,

139 2145 315 2226 quia,
363 2143 693 2226 quiillum
730 2142 969 2226 diligit,

144 2245 406 2313 Christo
450 2253 754 2310 constare
791 2244 1039 2310 desinit.

138 2424 278 2490 Sed
321 2424 614 2489 studiosa
654 2424 849 2489 lectio

142 2537 208 2593 et
251 2536 637 2613 compuncta
681 2530 889 2594 oratio

133 2636 606 2702 incumbentem
652 2634 928 2699 exsatiet

136 2746 204 2802 et
246 2738 601 2803 haerentem
644 2738 935 2803 inebriet.

139 2919 319 2985 Ante
361 2920 591 2984 mentis
635 2919 927 2982 intuitum

142 3024 369 3087 mortis
411 3040 668 3086 versem
713 3021 1005 3087 aculeum
1020 3069 1038 3102 ,

142 3131 207 3188 et
251 3124 336 3187 sit
379 3130 562 3187 tanto
607 3122 970 3206 suspectior
986 3168 1006 3205 ,

140 3233 378 3310 quanto
427 3234 641 3290 manet
664 3225 1015 3294 occultior.

139 3408 194 3473 0
238 3409 467 3490 «ihesu,
516 3430 635 3474 rex
678 3408 1017 3488 altissime,

137 3529 176 3575 o
223 3511 371 3575 fons
418 3509 910 3591 misericordiae,

141 3613 370 3678 horam
416 3613 638 3677 mortis
672 3613 1027 3679 terribilem

136 3735 262 3801 pro
308 3734 428 3800 spe
472 3719 646 3782 bona
689 3715 796 3782 fac
838 3715 1110 3784 facilem.

138 3878 394 3945 Secura
438 3882 835 3945 conscientia

136 4000 271 4049 non
317 3982 408 4046 ibi
440 3983 704 4049 multum
755 3982 1069 4067 trepidat,

147 4102 301 4150 nam
347 4104 465 4170 spe
508 4086 687 4151 facta
718 4087 1047 4154 robustior

151 4189 420 4252 multum
462 4187 696 4252 transit
737 4188 1152 4254 constantior.

141 4349 207 4415 N
209 4367 297 4413 on
343 4350 517 4414 aliud
563 4351 647 4417 sit
688 4351 997 4439 gaudium

143 4453 257 4517 vel
301 4471 513 4516 meum
558 4452 977 4537 desiderium,

148 4574 344 4638 qnam
391 4563 462 4619 ut
506 4564 738 4621 exutus
783 4575 1063 4641 corpore

140 4659 260 4723 tibi
305 4659 551 4740 possim
596 4661 920 4725 assistere.

224 4785 401 4841 nene,
432 4786 604 4835 intuta.
636 4790 885 4846 Hymnen.
928 4788 1017 4836 m.

1308 1067 1389 1131 10

1307 1657 1387 1718 15

1302 2244 1388 2309 20

1300 2914 1386 2977 25

1303 3509 1388 3574 30

1311 4087 1399 4151 35

1312 4661 1396 4724 40

1497 475 1552 540 0
1595 494 1716 542 vos
1762 476 2069 543 coelorum
2112 478 2346 543 incolae
2360 525 2377 560 ‚

1498 578 1677 643 cives
1724 596 2025 661 supernae
2060 578 2293 661 patriae
2311 628 2328 661 ,

1497 682 1609 764 qui
1641 681 1784 765 jam
1827 681 1953 746 deo
1998 676 2334 764 fruimini‚⁷

1498 783 1687 848 nobis
1733 785 2225 868 compatiamini.

1496 961 1784 1027 Michael
1826 963 1892 1026 in
1938 962 2309 1029 coelestibus

1498 1065 1609 1146 qui
1651 1063 2008 1147 praefulges
2055 1064 2417 1147 agminibus
2436 1111 2454 1148 ,

1495 1182 1620 1249 pro
1666 1164 1937 1248 speciali
1981 1164 2198 1247 gloria

1497 1268 1685 1333 nobis
1729 1267 1954 1332 confer
1999 1267 2249 1332 solatia.

1489 1450 1767 1537 Angeli,
1814 1472 1975 1536 quos
2021 1455 2408 1538 gravissima

1490 1557 1706 1622 carnis
1750 1576 1881 1622 non
1924 1560 2159 1643 premit
2202 1559 2461 1625 sarcina
2478 1605 2496 1642 ‚
2537 1580 2541 1584 *

1491 1666 1678 1723 orate
1721 1676 1845 1743 pro
1890 1660 2255 1725 hominibus

1492 1764 1616 1827 sub
1663 1782 1743 1825 ea
1777 1761 2240 1829 laborantibus.

1489 1939 1859 2023 Johannes,
1903 1949 2123 2006 vatum
2167 1941 2475 2023 maxime,

1491 2045 1823 2127 precantis
1866 2046 2072 2111 verba
2118 2045 2381 2129 excipe,

1492 2153 1560 2210 et
1601 2146 2066 2229 prophetarum
2109 2165 2442 2211 numerum

1492 2248 1578 2314 ad
1622 2249 1751 2313 hoc
1795 2250 2002 2314 ascito
2046 2248 2308 2313 socium.

1486 2431 1686 2498 Petre
1703 2481 1720 2511 ,
1761 2432 2051 2516 piscator
2094 2429 2419 2494 hominum
2435 2476 2453 2511 ,

1491 2543 1557 2599 et
1600 2534 1802 2600 Paule
1849 2533 2081 2598 doctor
2124 2532 2410 2616 gentium
2429 2579 2448 2613 ,

1490 2658 1637 2706 cum
1681 2637 1918 2704 ceteris
1964 2636 2279 2721 apostolis

1491 2760 1621 2826 ope
1656 2741 1888 2826 juvate
1926 2741 2142 2805 celeri.

1490 2921 1829 3007 Stephane
1874 2941 2019 2986 cum
2061 2918 2446 3000 Laurentio,

1489 3042 1728 3107 magno
1767 3024 2028 3109 praelati
2071 3022 2334 3103 merito,

1491 3145 1636 3191 cum
1681 3126 1884 3189 multa
1926 3126 2117 3189 turba
2161 3129 2520 3204 martyrum

1488 3247 1791 3310 magnum
1837 3226 2006 3289 ferte
2052 3225 2441 3310 praesidium.

1491 3388 1636 3475 Vos
1675 3405 2088 3472 confessores
2130 3398 2419 3480 inclitos,

1491 3512 1735 3577 invicta
1778 3506 1909 3570 fide
1953 3501 2266 3588 praeditos
2279 3546 2297 3583 ,

1493 3628 1903 3696 nequaquam
1948 3603 2414 3685 obliviscimur,

1497 3715 1617 3781 sed
1663 3715 1902 3779 obnixe
1949 3709 2379 3795 deposcimus,

1496 3879 1585 3946 Ut
1631 3876 1741 3961 qui
1785 3895 1909 3960 per
1956 3871 2342 3957 temporalia

1498 3978 1821 4049 transistis
1865 3986 1934 4044 et
1970 3976 2265 4059 fragilia,

1499 4086 1712 4152 adhuc
1752 4098 1877 4169 pro
1923 4076 2408 4147 decertantibus

1497 4196 1681 4255 tanto
1723 4187 1973 4251 instetis
2017 4180 2397 4268 promptius.

1500 4351 1770 4435 Agnes,
1814 4344 2083 4429 Thecla,
2132 4342 2426 4424 Caecilia,

1501 4452 1707 4519 Lucia
1751 4470 1830 4517 ac
1875 4447 2237 4515 Scolastica

1505 4563 1571 4620 et
1610 4572 1831 4621 omnes
1875 4556 2118 4619 sanotae
2159 4548 2452 4631 virgines

1501 4676 1627 4743 pro
1670 4656 1858 4723 nobis
1903 4661 2070 4721 state
2113 4651 2464 4818 supplices.

2663 295 2754 359 17

2660 931 2764 1027 4'5'

2657 1556 2742 1621 5⁰

2658 2144 2742 2206 55

2654 2737 2739 2801 60

2662 3399 2746 3463 65

2670 3969 2757 4034 ’10

2631 4530 2756 4607 17‘5
