<?xml version="1.0" encoding="UTF-8"?>
<!DOCTYPE html PUBLIC "-//W3C//DTD XHTML 1.0 Transitional//EN"
    "http://www.w3.org/TR/xhtml1/DTD/xhtml1-transitional.dtd">
<html xmlns="http://www.w3.org/1999/xhtml" xml:lang="en" lang="en">
 <head>
  <title>
</title>
<meta http-equiv="Content-Type" content="text/html;charset=utf-8" />
  <meta name='ocr-system' content='tesseract 3.04.00' />
  <meta name='ocr-capabilities' content='ocr_page ocr_carea ocr_par ocr_line ocrx_word'/>
</head>
<body>
  <div class='ocr_page' id='page_1' title='image "./lateinischehymn04monegoog_0214.png"; bbox 0 0 3175 5234; ppageno 0'>
   <div class='ocr_carea' id='block_1_1' title="bbox 359 265 490 328">
    <p class='ocr_par' dir='ltr' id='par_1_1' title="bbox 359 265 490 328">
     <span class='ocr_line' id='line_1_1' title="bbox 359 265 490 328; baseline -0.015 0"><span class='ocrx_word' id='word_1_1' title='bbox 359 265 490 328; x_wconf 75' lang='lat'><strong>172</strong></span> 
     </span>
    </p>
   </div>
   <div class='ocr_carea' id='block_1_2' title="bbox 360 445 1392 529">
    <p class='ocr_par' dir='ltr' id='par_1_2' title="bbox 360 445 1392 529">
     <span class='ocr_line' id='line_1_2' title="bbox 360 445 1392 529; baseline -0.01 -12"><span class='ocrx_word' id='word_1_2' title='bbox 360 450 415 516; x_wconf 87' lang='grc'>0</span> <span class='ocrx_word' id='word_1_3' title='bbox 461 450 745 517; x_wconf 85' lang='lat' dir='ltr'><strong>clemens</strong></span> <span class='ocrx_word' id='word_1_4' title='bbox 792 454 1012 513; x_wconf 85' lang='lat' dir='ltr'><strong>rector</strong></span> <span class='ocrx_word' id='word_1_5' title='bbox 1054 445 1352 529; x_wconf 87' lang='lat' dir='ltr'><strong>polorum</strong></span> <span class='ocrx_word' id='word_1_6' title='bbox 1387 480 1392 485; x_wconf 92' lang='lat'>-</span> 
     </span>
    </p>
   </div>
   <div class='ocr_carea' id='block_1_3' title="bbox 360 552 1297 637">
    <p class='ocr_par' dir='ltr' id='par_1_3' title="bbox 360 552 1297 637">
     <span class='ocr_line' id='line_1_3' title="bbox 360 552 1297 637; baseline -0.007 -19"><span class='ocrx_word' id='word_1_7' title='bbox 360 552 737 637; x_wconf 77' lang='lat' dir='ltr'><strong>redemptor</strong></span> <span class='ocrx_word' id='word_1_8' title='bbox 780 557 846 615; x_wconf 86' lang='lat' dir='ltr'><strong>et</strong></span> <span class='ocrx_word' id='word_1_9' title='bbox 890 555 1297 630; x_wconf 88' lang='lat' dir='ltr'><strong>cunctorum,</strong></span> 
     </span>
    </p>
   </div>
   <div class='ocr_carea' id='block_1_4' title="bbox 1716 439 2973 626">
    <p class='ocr_par' dir='ltr' id='par_1_4' title="bbox 1716 439 2973 626">
     <span class='ocr_line' id='line_1_4' title="bbox 1716 439 2973 524; baseline -0.002 -18"><span class='ocrx_word' id='word_1_10' title='bbox 1716 441 1905 506; x_wconf 87' lang='lat' dir='ltr'><strong>nobis</strong></span> <span class='ocrx_word' id='word_1_11' title='bbox 1950 439 2124 504; x_wconf 83' lang='lat' dir='ltr'><strong>dona</strong></span> <span class='ocrx_word' id='word_1_12' title='bbox 2166 439 2466 524; x_wconf 81' lang='lat' dir='ltr'><strong>praemia3</strong></span> <span class='ocrx_word' id='word_1_13' title='bbox 2889 442 2973 504; x_wconf 80' lang='grc'><strong>65</strong></span> 
     </span>
     <span class='ocr_line' id='line_1_5' title="bbox 1718 543 2410 626; baseline -0.004 -17"><span class='ocrx_word' id='word_1_14' title='bbox 1718 544 1832 609; x_wconf 85' lang='lat' dir='ltr'><strong>tihi</strong></span> <span class='ocrx_word' id='word_1_15' title='bbox 1874 543 2018 609; x_wconf 88' lang='lat' dir='ltr'><strong>laus</strong></span> <span class='ocrx_word' id='word_1_16' title='bbox 2065 552 2132 608; x_wconf 91' lang='lat' dir='ltr'><strong>et</strong></span> <span class='ocrx_word' id='word_1_17' title='bbox 2175 543 2410 626; x_wconf 80' lang='lat' dir='ltr'><strong>gloria.</strong></span> 
     </span>
    </p>
   </div>
   <div class='ocr_carea' id='block_1_5' title="bbox 498 722 2528 801">
    <p class='ocr_par' dir='ltr' id='par_1_5' title="bbox 498 722 2528 801">
     <span class='ocr_line' id='line_1_6' title="bbox 498 722 2528 801; baseline -0.004 -14"><span class='ocrx_word' id='word_1_18' title='bbox 498 792 506 801; x_wconf 57' lang='lat'><em>‚</em></span> <span class='ocrx_word' id='word_1_19' title='bbox 536 731 634 787; x_wconf 83' lang='lat' dir='ltr'><strong>Hs.</strong></span> <span class='ocrx_word' id='word_1_20' title='bbox 670 748 740 785; x_wconf 80' lang='lat' dir='ltr'><strong>zu</strong></span> <span class='ocrx_word' id='word_1_21' title='bbox 773 724 1256 787; x_wconf 82' lang='lat' dir='ltr'><strong>Pommersfelden</strong></span> <span class='ocrx_word' id='word_1_22' title='bbox 1292 725 1384 780; x_wconf 88' lang='lat' dir='ltr'><strong>bei</strong></span> <span class='ocrx_word' id='word_1_23' title='bbox 1421 724 1721 796; x_wconf 79' lang='lat' dir='ltr'><strong>Bamberg‚</strong></span> <span class='ocrx_word' id='word_1_24' title='bbox 1758 723 1865 780; x_wconf 89' lang='lat' dir='ltr'><strong>No.</strong></span> <span class='ocrx_word' id='word_1_25' title='bbox 1892 724 2051 778; x_wconf 77' lang='lat'><strong>2926.</strong></span> <span class='ocrx_word' id='word_1_26' title='bbox 2089 723 2188 778; x_wconf 82' lang='lat' dir='ltr'><strong>des</strong></span> <span class='ocrx_word' id='word_1_27' title='bbox 2227 724 2296 777; x_wconf 70' lang='lat'><strong>14</strong></span> <span class='ocrx_word' id='word_1_28' title='bbox 2329 722 2528 779; x_wconf 74' lang='lat' dir='ltr'><strong>Jahrh.</strong></span> 
     </span>
    </p>
   </div>
   <div class='ocr_carea' id='block_1_6' title="bbox 356 842 2985 1187">
    <p class='ocr_par' dir='ltr' id='par_1_6' title="bbox 356 842 2985 1187">
     <span class='ocr_line' id='line_1_7' title="bbox 537 842 2977 923; baseline -0.002 -17"><span class='ocrx_word' id='word_1_29' title='bbox 537 855 602 907; x_wconf 90' lang='lat'><strong>11</strong></span> <span class='ocrx_word' id='word_1_30' title='bbox 644 867 839 923; x_wconf 74' lang='lat' dir='ltr'><strong>congr.</strong></span> <span class='ocrx_word' id='word_1_31' title='bbox 875 853 1014 922; x_wconf 86' lang='lat' dir='ltr'><strong>disp.</strong></span> <span class='ocrx_word' id='word_1_32' title='bbox 1050 851 1143 906; x_wconf 81' lang='lat' dir='ltr'><strong>Hs.</strong></span> <span class='ocrx_word' id='word_1_33' title='bbox 1181 864 1373 921; x_wconf 81' lang='lat' dir='ltr'><strong>gegen</strong></span> <span class='ocrx_word' id='word_1_34' title='bbox 1410 848 1518 903; x_wconf 85' lang='lat' dir='ltr'><strong>den</strong></span> <span class='ocrx_word' id='word_1_35' title='bbox 1553 846 1727 902; x_wconf 88' lang='lat' dir='ltr'><strong>Reim.</strong></span> <span class='ocrx_word' id='word_1_36' title='bbox 1799 847 1868 901; x_wconf 83' lang='lat'><strong>18</strong></span> <span class='ocrx_word' id='word_1_37' title='bbox 1904 845 2159 917; x_wconf 75' lang='lat' dir='ltr'><strong>plurimis</strong></span> <span class='ocrx_word' id='word_1_38' title='bbox 2197 842 2238 900; x_wconf 79' lang='lat' dir='ltr'><strong>f.</strong></span> <span class='ocrx_word' id='word_1_39' title='bbox 2275 846 2483 916; x_wconf 86' lang='lat' dir='ltr'><strong>multis,</strong></span> <span class='ocrx_word' id='word_1_40' title='bbox 2518 845 2613 902; x_wconf 82' lang='lat' dir='ltr'><strong>Hs.</strong></span> <span class='ocrx_word' id='word_1_41' title='bbox 2650 861 2838 919; x_wconf 78' lang='lat' dir='ltr'><strong>gegen</strong></span> <span class='ocrx_word' id='word_1_42' title='bbox 2865 846 2977 902; x_wconf 83' lang='lat' dir='ltr'><strong>das</strong></span> 
     </span>
     <span class='ocr_line' id='line_1_8' title="bbox 357 931 2985 1007; baseline -0.002 -12"><span class='ocrx_word' id='word_1_43' title='bbox 357 939 672 995; x_wconf 78' lang='lat' dir='ltr'><strong>Versmass.</strong></span> <span class='ocrx_word' id='word_1_44' title='bbox 742 940 816 993; x_wconf 79' lang='lat'><strong>29</strong></span> <span class='ocrx_word' id='word_1_45' title='bbox 850 937 1212 1007; x_wconf 79' lang='lat' dir='ltr'><strong>instruxerat,</strong></span> <span class='ocrx_word' id='word_1_46' title='bbox 1247 937 1343 991; x_wconf 78' lang='lat' dir='ltr'><strong>Hs.</strong></span> <span class='ocrx_word' id='word_1_47' title='bbox 1415 936 1487 989; x_wconf 86' lang='lat'><strong>32</strong></span> <span class='ocrx_word' id='word_1_48' title='bbox 1524 933 1863 1006; x_wconf 78' lang='lat' dir='ltr'><strong>corrigeret,</strong></span> <span class='ocrx_word' id='word_1_49' title='bbox 1901 934 1997 989; x_wconf 77' lang='lat' dir='ltr'><strong>Hs·</strong></span> <span class='ocrx_word' id='word_1_50' title='bbox 2068 934 2141 989; x_wconf 81' lang='grc'><strong>36</strong></span> <span class='ocrx_word' id='word_1_51' title='bbox 2177 934 2273 1004; x_wconf 84' lang='lat' dir='ltr'><strong>qui</strong></span> <span class='ocrx_word' id='word_1_52' title='bbox 2308 931 2456 989; x_wconf 82' lang='lat' dir='ltr'><strong>fehlt</strong></span> <span class='ocrx_word' id='word_1_53' title='bbox 2490 933 2594 989; x_wconf 87' lang='lat' dir='ltr'><strong>der</strong></span> <span class='ocrx_word' id='word_1_54' title='bbox 2629 933 2724 989; x_wconf 81' lang='lat' dir='ltr'><strong>Hs.</strong></span> <span class='ocrx_word' id='word_1_55' title='bbox 2794 936 2868 990; x_wconf 74' lang='lat'><strong>37</strong></span> <span class='ocrx_word' id='word_1_56' title='bbox 2904 934 2985 990; x_wconf 84' lang='lat' dir='ltr'><strong>ad</strong></span> 
     </span>
     <span class='ocr_line' id='line_1_9' title="bbox 356 1018 2985 1098; baseline -0.002 -14"><span class='ocrx_word' id='word_1_57' title='bbox 356 1026 502 1084; x_wconf 78' lang='lat' dir='ltr'><strong>fehlt</strong></span> <span class='ocrx_word' id='word_1_58' title='bbox 537 1028 637 1084; x_wconf 85' lang='lat' dir='ltr'><strong>der</strong></span> <span class='ocrx_word' id='word_1_59' title='bbox 670 1026 766 1083; x_wconf 82' lang='lat' dir='ltr'><strong>Hs.</strong></span> <span class='ocrx_word' id='word_1_60' title='bbox 838 1028 911 1080; x_wconf 67' lang='lat'><strong>44</strong></span> <span class='ocrx_word' id='word_1_61' title='bbox 945 1023 1041 1081; x_wconf 82' lang='lat' dir='ltr'><strong>fiir</strong></span> <span class='ocrx_word' id='word_1_62' title='bbox 1075 1026 1203 1098; x_wconf 82' lang='lat' dir='ltr'><strong>ejus</strong></span> <span class='ocrx_word' id='word_1_63' title='bbox 1237 1025 1342 1078; x_wconf 86' lang='lat' dir='ltr'><strong>hat</strong></span> <span class='ocrx_word' id='word_1_64' title='bbox 1375 1023 1466 1078; x_wconf 87' lang='lat' dir='ltr'><strong>die</strong></span> <span class='ocrx_word' id='word_1_65' title='bbox 1501 1022 1598 1078; x_wconf 74' lang='lat' dir='ltr'><strong>Hs.</strong></span> <span class='ocrx_word' id='word_1_66' title='bbox 1638 1019 1939 1092; x_wconf 81' lang='lat' dir='ltr'><strong>pontificis,</strong></span> <span class='ocrx_word' id='word_1_67' title='bbox 1977 1037 2081 1077; x_wconf 87' lang='lat' dir='ltr'><strong>aus</strong></span> <span class='ocrx_word' id='word_1_68' title='bbox 2110 1023 2233 1078; x_wconf 88' lang='lat' dir='ltr'><strong>dem</strong></span> <span class='ocrx_word' id='word_1_69' title='bbox 2263 1018 2571 1094; x_wconf 76' lang='lat' dir='ltr'><strong>folgenden</strong></span> <span class='ocrx_word' id='word_1_70' title='bbox 2597 1022 2746 1078; x_wconf 72' lang='lat' dir='ltr'><strong>Vera</strong></span> <span class='ocrx_word' id='word_1_71' title='bbox 2773 1018 2985 1078; x_wconf 81' lang='lat' dir='ltr'><strong>hieher</strong></span> 
     </span>
     <span class='ocr_line' id='line_1_10' title="bbox 358 1108 2594 1187; baseline -0.002 -17"><span class='ocrx_word' id='word_1_72' title='bbox 358 1130 630 1187; x_wconf 73' lang='lat' dir='ltr'><strong>gezogen.</strong></span> <span class='ocrx_word' id='word_1_73' title='bbox 701 1116 770 1167; x_wconf 80' lang='lat'><strong>51</strong></span> <span class='ocrx_word' id='word_1_74' title='bbox 808 1117 1193 1183; x_wconf 84' lang='lat' dir='ltr'><strong>attemptatur,</strong></span> <span class='ocrx_word' id='word_1_75' title='bbox 1229 1111 1324 1166; x_wconf 82' lang='lat' dir='ltr'><strong>Hs.</strong></span> <span class='ocrx_word' id='word_1_76' title='bbox 1360 1110 1508 1165; x_wconf 85' lang='lat' dir='ltr'><strong>nach</strong></span> <span class='ocrx_word' id='word_1_77' title='bbox 1542 1108 1646 1164; x_wconf 86' lang='lat' dir='ltr'><strong>der</strong></span> <span class='ocrx_word' id='word_1_78' title='bbox 1681 1108 2043 1180; x_wconf 81' lang='lat' dir='ltr'><strong>Schreibung</strong></span> <span class='ocrx_word' id='word_1_79' title='bbox 2079 1108 2179 1163; x_wconf 83' lang='lat' dir='ltr'><strong>des</strong></span> <span class='ocrx_word' id='word_1_80' title='bbox 2215 1108 2594 1165; x_wconf 72' lang='lat' dir='ltr'><strong>mittelalters.</strong></span> 
     </span>
    </p>
   </div>
   <div class='ocr_carea' id='block_1_7' title="bbox 1045 1390 2293 1490">
    <p class='ocr_par' dir='ltr' id='par_1_7' title="bbox 1045 1390 2293 1490">
     <span class='ocr_line' id='line_1_11' title="bbox 1045 1390 2293 1490; baseline -0.003 -23"><span class='ocrx_word' id='word_1_81' title='bbox 1045 1393 1217 1466; x_wconf 78' lang='lat'><strong>767.</strong></span> <span class='ocrx_word' id='word_1_82' title='bbox 1293 1391 1412 1463; x_wconf 84' lang='lat' dir='ltr'><strong>De</strong></span> <span class='ocrx_word' id='word_1_83' title='bbox 1462 1415 1520 1461; x_wconf 83' lang='lat' dir='ltr'><strong>s.</strong></span> <span class='ocrx_word' id='word_1_84' title='bbox 1565 1390 1751 1463; x_wconf 77' lang='lat' dir='ltr'><strong>Afra</strong></span> <span class='ocrx_word' id='word_1_85' title='bbox 1806 1393 2293 1490; x_wconf 62' lang='lat' dir='ltr'><strong>(troparium).</strong></span> 
     </span>
    </p>
   </div>
   <div class='ocr_carea' id='block_1_8' title="bbox 359 1616 1007 2232">
    <p class='ocr_par' dir='ltr' id='par_1_8' title="bbox 359 1616 1007 2232">
     <span class='ocr_line' id='line_1_12' title="bbox 359 1616 892 1682; baseline -0.002 -2"><span class='ocrx_word' id='word_1_86' title='bbox 359 1620 419 1680; x_wconf 83' lang='lat'><strong>1.</strong></span> <span class='ocrx_word' id='word_1_87' title='bbox 485 1616 722 1681; x_wconf 77' lang='lat' dir='ltr'><strong>Grates</strong></span> <span class='ocrx_word' id='word_1_88' title='bbox 767 1617 892 1682; x_wconf 87' lang='lat' dir='ltr'><strong>deo</strong></span> 
     </span>
     <span class='ocr_line' id='line_1_13' title="bbox 490 1719 986 1786; baseline -0.002 -2"><span class='ocrx_word' id='word_1_89' title='bbox 490 1727 559 1784; x_wconf 92' lang='lat' dir='ltr'><strong>et</strong></span> <span class='ocrx_word' id='word_1_90' title='bbox 599 1719 810 1786; x_wconf 90' lang='lat' dir='ltr'><strong>honor</strong></span> <span class='ocrx_word' id='word_1_91' title='bbox 859 1720 986 1783; x_wconf 88' lang='lat' dir='ltr'><strong>sint</strong></span> 
     </span>
     <span class='ocr_line' id='line_1_14' title="bbox 487 1823 926 1906; baseline -0.002 -18"><span class='ocrx_word' id='word_1_92' title='bbox 487 1843 611 1906; x_wconf 87' lang='lat' dir='ltr'><strong>per</strong></span> <span class='ocrx_word' id='word_1_93' title='bbox 655 1823 926 1906; x_wconf 81' lang='lat' dir='ltr'><strong>saecula,</strong></span> 
     </span>
     <span class='ocr_line' id='line_1_15' title="bbox 488 1958 1007 2037; baseline -0.004 -13"><span class='ocrx_word' id='word_1_94' title='bbox 488 1959 610 2037; x_wconf 81' lang='lat' dir='ltr'><strong>oui</strong></span> <span class='ocrx_word' id='word_1_95' title='bbox 646 1958 720 2025; x_wconf 80' lang='lat' dir='ltr'><strong>&#39;in</strong></span> <span class='ocrx_word' id='word_1_96' title='bbox 764 1961 1007 2024; x_wconf 84' lang='lat' dir='ltr'><strong>sanctis</strong></span> 
     </span>
     <span class='ocr_line' id='line_1_16' title="bbox 489 2063 824 2128; baseline 0.003 -1"><span class='ocrx_word' id='word_1_97' title='bbox 489 2064 621 2128; x_wconf 89' lang='lat' dir='ltr'><strong>suis</strong></span> <span class='ocrx_word' id='word_1_98' title='bbox 668 2063 824 2128; x_wconf 86' lang='lat' dir='ltr'><strong>facit</strong></span> 
     </span>
     <span class='ocr_line' id='line_1_17' title="bbox 487 2167 821 2232; baseline 0.006 -2"><span class='ocrx_word' id='word_1_99' title='bbox 487 2167 821 2232; x_wconf 85' lang='lat' dir='ltr'><strong>mirabilia.</strong></span> 
     </span>
    </p>
   </div>
   <div class='ocr_carea' id='block_1_9' title="bbox 356 2354 1602 2440">
    <p class='ocr_par' dir='ltr' id='par_1_9' title="bbox 356 2354 1602 2440">
     <span class='ocr_line' id='line_1_18' title="bbox 356 2354 1602 2440; baseline 0 -20"><span class='ocrx_word' id='word_1_100' title='bbox 356 2359 417 2420; x_wconf 83' lang='lat'><strong>2.</strong></span> <span class='ocrx_word' id='word_1_101' title='bbox 479 2354 682 2440; x_wconf 87' lang='lat' dir='ltr'><strong>Cujus</strong></span> <span class='ocrx_word' id='word_1_102' title='bbox 714 2358 798 2419; x_wconf 86' lang='lat' dir='ltr'><strong>ab</strong></span> <span class='ocrx_word' id='word_1_103' title='bbox 831 2362 1078 2421; x_wconf 83' lang='lat' dir='ltr'><strong>aeterno</strong></span> <span class='ocrx_word' id='word_1_104' title='bbox 1113 2362 1181 2419; x_wconf 89' lang='lat' dir='ltr'><strong>et</strong></span> <span class='ocrx_word' id='word_1_105' title='bbox 1209 2357 1292 2420; x_wconf 89' lang='lat' dir='ltr'><strong>ab</strong></span> <span class='ocrx_word' id='word_1_106' title='bbox 1325 2355 1602 2438; x_wconf 77' lang='lat' dir='ltr'><strong>antiquis</strong></span> 
     </span>
    </p>
   </div>
   <div class='ocr_carea' id='block_1_10' title="bbox 484 2456 1149 2541">
    <p class='ocr_par' dir='ltr' id='par_1_10' title="bbox 484 2456 1149 2541">
     <span class='ocr_line' id='line_1_19' title="bbox 484 2456 1149 2541; baseline -0.002 -19"><span class='ocrx_word' id='word_1_107' title='bbox 484 2456 782 2522; x_wconf 65' lang='lat' dir='ltr'><strong>ordinata</strong></span> <span class='ocrx_word' id='word_1_108' title='bbox 829 2456 1149 2541; x_wconf 68' lang='lat' dir='ltr'><strong>sapientia</strong></span> 
     </span>
    </p>
   </div>
   <div class='ocr_carea' id='block_1_11' title="bbox 486 2593 1606 2781">
    <p class='ocr_par' dir='ltr' id='par_1_11' title="bbox 486 2593 1606 2781">
     <span class='ocr_line' id='line_1_20' title="bbox 487 2593 1499 2678; baseline 0.001 -19"><span class='ocrx_word' id='word_1_109' title='bbox 487 2593 647 2659; x_wconf 83' lang='lat' dir='ltr'><strong>Ovis</strong></span> <span class='ocrx_word' id='word_1_110' title='bbox 687 2593 948 2678; x_wconf 85' lang='lat' dir='ltr'><strong>perdita</strong></span> <span class='ocrx_word' id='word_1_111' title='bbox 993 2593 1499 2660; x_wconf 83' lang='lat' dir='ltr'><strong>misericorditer</strong></span> 
     </span>
     <span class='ocr_line' id='line_1_21' title="bbox 486 2696 1606 2781; baseline 0.004 -20"><span class='ocrx_word' id='word_1_112' title='bbox 486 2704 592 2761; x_wconf 88' lang='lat' dir='ltr'><strong>est</strong></span> <span class='ocrx_word' id='word_1_113' title='bbox 632 2699 898 2761; x_wconf 83' lang='lat' dir='ltr'><strong>inventa</strong></span> <span class='ocrx_word' id='word_1_114' title='bbox 943 2706 1010 2762; x_wconf 91' lang='lat' dir='ltr'><strong>et</strong></span> <span class='ocrx_word' id='word_1_115' title='bbox 1052 2696 1399 2781; x_wconf 81' lang='lat' dir='ltr'><strong>diligenter</strong></span> <span class='ocrx_word' id='word_1_116' title='bbox 1524 2703 1606 2765; x_wconf 88' lang='grc'><strong>10</strong></span> 
     </span>
    </p>
   </div>
   <div class='ocr_carea' id='block_1_12' title="bbox 482 2833 1281 3228">
    <p class='ocr_par' dir='ltr' id='par_1_12' title="bbox 482 2833 1281 3106">
     <span class='ocr_line' id='line_1_22' title="bbox 482 2833 1281 2919; baseline 0.001 -20"><span class='ocrx_word' id='word_1_117' title='bbox 482 2833 690 2899; x_wconf 88' lang='lat' dir='ltr'><strong>Domo</strong></span> <span class='ocrx_word' id='word_1_118' title='bbox 738 2833 972 2899; x_wconf 71' lang='lat' dir='ltr'><strong>eversa</strong></span> <span class='ocrx_word' id='word_1_119' title='bbox 1016 2844 1281 2919; x_wconf 87' lang='lat' dir='ltr'><strong>reperta</strong></span> 
     </span>
     <span class='ocr_line' id='line_1_23' title="bbox 485 2936 1236 3003; baseline 0.003 -2"><span class='ocrx_word' id='word_1_120' title='bbox 485 2945 588 3001; x_wconf 85' lang='lat' dir='ltr'><strong>est</strong></span> <span class='ocrx_word' id='word_1_121' title='bbox 634 2936 941 3002; x_wconf 82' lang='lat' dir='ltr'><strong>drachma</strong></span> <span class='ocrx_word' id='word_1_122' title='bbox 987 2937 1236 3003; x_wconf 87' lang='lat' dir='ltr'><strong>decima</strong></span> 
     </span>
     <span class='ocr_line' id='line_1_24' title="bbox 485 3041 972 3106; baseline 0.002 -1"><span class='ocrx_word' id='word_1_123' title='bbox 485 3041 552 3105; x_wconf 90' lang='lat' dir='ltr'><strong>in</strong></span> <span class='ocrx_word' id='word_1_124' title='bbox 600 3042 972 3106; x_wconf 84' lang='lat' dir='ltr'><strong>beatissima</strong></span> 
     </span>
    </p>

    <p class='ocr_par' dir='ltr' id='par_1_13' title="bbox 485 3143 1158 3228">
     <span class='ocr_line' id='line_1_25' title="bbox 485 3143 1158 3228; baseline 0.001 -20"><span class='ocrx_word' id='word_1_125' title='bbox 485 3145 592 3209; x_wconf 87' lang='lat' dir='ltr'><strong>dei</strong></span> <span class='ocrx_word' id='word_1_126' title='bbox 636 3154 923 3228; x_wconf 81' lang='lat' dir='ltr'><strong>martyre</strong></span> <span class='ocrx_word' id='word_1_127' title='bbox 967 3143 1158 3211; x_wconf 74' lang='lat' dir='ltr'><strong>Afra.</strong></span> 
     </span>
    </p>
   </div>
   <div class='ocr_carea' id='block_1_13' title="bbox 351 3334 1298 3520">
    <p class='ocr_par' dir='ltr' id='par_1_14' title="bbox 351 3334 1298 3520">
     <span class='ocr_line' id='line_1_26' title="bbox 351 3334 1173 3404; baseline 0.004 -5"><span class='ocrx_word' id='word_1_128' title='bbox 351 3336 410 3399; x_wconf 79' lang='lat'><strong>3.</strong></span> <span class='ocrx_word' id='word_1_129' title='bbox 473 3334 686 3402; x_wconf 89' lang='lat' dir='ltr'><strong>Hodie</strong></span> <span class='ocrx_word' id='word_1_130' title='bbox 732 3336 1066 3402; x_wconf 78' lang='lat' dir='ltr'><strong>cuiusdam</strong></span> <span class='ocrx_word' id='word_1_131' title='bbox 1108 3344 1173 3404; x_wconf 88' lang='lat' dir='ltr'><strong>et</strong></span> 
     </span>
     <span class='ocr_line' id='line_1_27' title="bbox 479 3439 1298 3520; baseline 0.004 -20"><span class='ocrx_word' id='word_1_132' title='bbox 479 3457 641 3501; x_wconf 84' lang='lat' dir='ltr'><strong>vere</strong></span> <span class='ocrx_word' id='word_1_133' title='bbox 686 3439 1063 3520; x_wconf 81' lang='lat' dir='ltr'><strong>singularis,</strong></span> <span class='ocrx_word' id='word_1_134' title='bbox 1108 3440 1298 3503; x_wconf 89' lang='lat' dir='ltr'><strong>immo</strong></span> 
     </span>
    </p>
   </div>
   <div class='ocr_carea' id='block_1_14' title="bbox 480 3539 1372 3622">
    <p class='ocr_par' dir='ltr' id='par_1_15' title="bbox 480 3539 1372 3622">
     <span class='ocr_line' id='line_1_28' title="bbox 480 3539 1372 3622; baseline 0.001 -18"><span class='ocrx_word' id='word_1_135' title='bbox 480 3540 765 3604; x_wconf 87' lang='lat' dir='ltr'><strong>coelestis</strong></span> <span class='ocrx_word' id='word_1_136' title='bbox 807 3539 1083 3604; x_wconf 90' lang='lat' dir='ltr'><strong>hominis</strong></span> <span class='ocrx_word' id='word_1_137' title='bbox 1126 3540 1291 3622; x_wconf 83' lang='lat' dir='ltr'><strong>filia,</strong></span> <span class='ocrx_word' id='word_1_138' title='bbox 1367 3568 1372 3573; x_wconf 93' lang='lat'>·</span> 
     </span>
    </p>
   </div>
   <div class='ocr_carea' id='block_1_15' title="bbox 478 3673 1300 3965">
    <p class='ocr_par' dir='ltr' id='par_1_16' title="bbox 478 3673 1300 3965">
     <span class='ocr_line' id='line_1_29' title="bbox 478 3673 1300 3759; baseline 0.001 -19"><span class='ocrx_word' id='word_1_139' title='bbox 478 3673 779 3759; x_wconf 87' lang='lat' dir='ltr'><strong>Accepta</strong></span> <span class='ocrx_word' id='word_1_140' title='bbox 823 3676 943 3741; x_wconf 88' lang='lat' dir='ltr'><strong>sed</strong></span> <span class='ocrx_word' id='word_1_141' title='bbox 986 3675 1300 3759; x_wconf 88' lang='lat' dir='ltr'><strong>dissipata</strong></span> 
     </span>
     <span class='ocr_line' id='line_1_30' title="bbox 479 3778 1160 3842; baseline -0.001 0"><span class='ocrx_word' id='word_1_142' title='bbox 479 3785 731 3842; x_wconf 82' lang='lat' dir='ltr'><strong>natnrae</strong></span> <span class='ocrx_word' id='word_1_143' title='bbox 777 3786 844 3841; x_wconf 89' lang='lat' dir='ltr'><strong>et</strong></span> <span class='ocrx_word' id='word_1_144' title='bbox 887 3778 1160 3842; x_wconf 89' lang='lat' dir='ltr'><strong>rationis</strong></span> 
     </span>
     <span class='ocr_line' id='line_1_31' title="bbox 479 3882 875 3965; baseline 0 -19"><span class='ocrx_word' id='word_1_145' title='bbox 479 3882 839 3947; x_wconf 80' lang='lat' dir='ltr'><strong>substantia</strong></span> <span class='ocrx_word' id='word_1_146' title='bbox 858 3930 875 3965; x_wconf 90' lang='lat'>‚</span> 
     </span>
    </p>
   </div>
   <div class='ocr_carea' id='block_1_16' title="bbox 477 4019 1294 4307">
    <p class='ocr_par' dir='ltr' id='par_1_17' title="bbox 477 4019 1294 4307">
     <span class='ocr_line' id='line_1_32' title="bbox 480 4019 1180 4102; baseline -0.004 -16"><span class='ocrx_word' id='word_1_147' title='bbox 480 4019 778 4086; x_wconf 87' lang='lat' dir='ltr'><strong>Vivendo</strong></span> <span class='ocrx_word' id='word_1_148' title='bbox 823 4019 1180 4102; x_wconf 84' lang='lat' dir='ltr'><strong>luxuriose,</strong></span> 
     </span>
     <span class='ocr_line' id='line_1_33' title="bbox 478 4122 1271 4187; baseline -0.004 0"><span class='ocrx_word' id='word_1_149' title='bbox 478 4122 876 4187; x_wconf 84' lang='lat' dir='ltr'><strong>sollemniter</strong></span> <span class='ocrx_word' id='word_1_150' title='bbox 921 4122 1271 4186; x_wconf 86' lang='lat' dir='ltr'><strong>revertitur</strong></span> 
     </span>
     <span class='ocr_line' id='line_1_34' title="bbox 477 4222 1294 4307; baseline -0.002 -19"><span class='ocrx_word' id='word_1_151' title='bbox 477 4225 562 4289; x_wconf 91' lang='lat' dir='ltr'><strong>de</strong></span> <span class='ocrx_word' id='word_1_152' title='bbox 609 4225 883 4307; x_wconf 84' lang='lat' dir='ltr'><strong>regione</strong></span> <span class='ocrx_word' id='word_1_153' title='bbox 923 4222 1294 4305; x_wconf 80' lang='lat' dir='ltr'><strong>longinqua.</strong></span> 
     </span>
    </p>
   </div>
   <div class='ocr_carea' id='block_1_17' title="bbox 342 4403 1337 4697">
    <p class='ocr_par' dir='ltr' id='par_1_18' title="bbox 342 4403 1337 4697">
     <span class='ocr_line' id='line_1_35' title="bbox 342 4403 1274 4492; baseline -0.001 -21"><span class='ocrx_word' id='word_1_154' title='bbox 342 4408 403 4471; x_wconf 67' lang='lat'><strong>4.</strong></span> <span class='ocrx_word' id='word_1_155' title='bbox 470 4403 681 4470; x_wconf 87' lang='lat' dir='ltr'><strong>Hodie</strong></span> <span class='ocrx_word' id='word_1_156' title='bbox 727 4406 954 4471; x_wconf 90' lang='lat' dir='ltr'><strong>eadem</strong></span> <span class='ocrx_word' id='word_1_157' title='bbox 997 4406 1274 4492; x_wconf 87' lang='lat' dir='ltr'><strong>pulchra</strong></span> 
     </span>
     <span class='ocr_line' id='line_1_36' title="bbox 473 4506 1014 4592; baseline 0.006 -21"><span class='ocrx_word' id='word_1_158' title='bbox 473 4506 607 4571; x_wconf 86' lang='lat' dir='ltr'><strong>filia</strong></span> <span class='ocrx_word' id='word_1_159' title='bbox 652 4510 876 4592; x_wconf 89' lang='lat' dir='ltr'><strong>populi</strong></span> <span class='ocrx_word' id='word_1_160' title='bbox 915 4510 1014 4574; x_wconf 89' lang='lat' dir='ltr'><strong>sui</strong></span> 
     </span>
     <span class='ocr_line' id='line_1_37' title="bbox 472 4610 1337 4697; baseline 0.007 -21"><span class='ocrx_word' id='word_1_161' title='bbox 472 4619 540 4676; x_wconf 90' lang='lat' dir='ltr'><strong>et</strong></span> <span class='ocrx_word' id='word_1_162' title='bbox 586 4610 813 4675; x_wconf 89' lang='lat' dir='ltr'><strong>domus</strong></span> <span class='ocrx_word' id='word_1_163' title='bbox 856 4615 1063 4696; x_wconf 92' lang='lat' dir='ltr'><strong>patris</strong></span> <span class='ocrx_word' id='word_1_164' title='bbox 1101 4615 1337 4697; x_wconf 82' lang='lat' dir='ltr'><strong>oblita,</strong></span> 
     </span>
    </p>
   </div>
   <div class='ocr_carea' id='block_1_18' title="bbox 1568 2067 1608 2126">
    <p class='ocr_par' dir='ltr' id='par_1_19' title="bbox 1568 2067 1608 2126">
     <span class='ocr_line' id='line_1_38' title="bbox 1568 2067 1608 2126; baseline 0 0"><span class='ocrx_word' id='word_1_165' title='bbox 1568 2067 1608 2126; x_wconf 80' lang='lat'><strong>5</strong></span> 
     </span>
    </p>
   </div>
   <div class='ocr_carea' id='block_1_19' title="bbox 1523 3340 1604 3401">
    <p class='ocr_par' dir='ltr' id='par_1_20' title="bbox 1523 3340 1604 3401">
     <span class='ocr_line' id='line_1_39' title="bbox 1523 3340 1604 3401; baseline -0.012 0"><span class='ocrx_word' id='word_1_166' title='bbox 1523 3340 1604 3401; x_wconf 87' lang='lat'><strong>15</strong></span> 
     </span>
    </p>
   </div>
   <div class='ocr_carea' id='block_1_20' title="bbox 1847 1613 2979 2213">
    <p class='ocr_par' dir='ltr' id='par_1_21' title="bbox 1847 1613 2701 1800">
     <span class='ocr_line' id='line_1_40' title="bbox 1847 1613 2701 1699; baseline 0.001 -21"><span class='ocrx_word' id='word_1_167' title='bbox 1847 1613 2141 1678; x_wconf 72' lang='lat' dir='ltr'><strong>Flamma</strong></span> <span class='ocrx_word' id='word_1_168' title='bbox 2185 1614 2395 1679; x_wconf 87' lang='lat' dir='ltr'><strong>sancti</strong></span> <span class='ocrx_word' id='word_1_169' title='bbox 2438 1615 2701 1699; x_wconf 87' lang='lat' dir='ltr'><strong>spiritus</strong></span> 
     </span>
     <span class='ocr_line' id='line_1_41' title="bbox 1848 1720 2142 1800; baseline 0.014 -19"><span class='ocrx_word' id='word_1_170' title='bbox 1848 1720 2142 1800; x_wconf 83' lang='lat' dir='ltr'><strong>iniciata,</strong></span> 
     </span>
    </p>

    <p class='ocr_par' dir='ltr' id='par_1_22' title="bbox 1847 1821 2979 2213">
     <span class='ocr_line' id='line_1_42' title="bbox 1849 1821 2528 1906; baseline 0.003 -20"><span class='ocrx_word' id='word_1_171' title='bbox 1849 1821 1967 1887; x_wconf 88' lang='lat' dir='ltr'><strong>sed</strong></span> <span class='ocrx_word' id='word_1_172' title='bbox 2012 1825 2164 1906; x_wconf 83' lang='lat' dir='ltr'><strong>igne</strong></span> <span class='ocrx_word' id='word_1_173' title='bbox 2208 1824 2528 1888; x_wconf 80' lang='lat' dir='ltr'><strong>materiali</strong></span> 
     </span>
     <span class='ocr_line' id='line_1_43' title="bbox 1849 1928 2979 2010; baseline 0 -19"><span class='ocrx_word' id='word_1_174' title='bbox 1849 1935 2315 2010; x_wconf 84' lang='lat' dir='ltr'><strong>consummata,</strong></span> <span class='ocrx_word' id='word_1_175' title='bbox 2886 1928 2979 1992; x_wconf 83' lang='lat'><strong>30</strong></span> 
     </span>
     <span class='ocr_line' id='line_1_44' title="bbox 1849 2027 2702 2094; baseline 0 -1"><span class='ocrx_word' id='word_1_176' title='bbox 1849 2049 2070 2093; x_wconf 88' lang='lat' dir='ltr'><strong>aurem</strong></span> <span class='ocrx_word' id='word_1_177' title='bbox 2115 2029 2332 2094; x_wconf 88' lang='lat' dir='ltr'><strong>cordis</strong></span> <span class='ocrx_word' id='word_1_178' title='bbox 2377 2028 2464 2093; x_wconf 90' lang='lat' dir='ltr'><strong>ad</strong></span> <span class='ocrx_word' id='word_1_179' title='bbox 2509 2027 2702 2093; x_wconf 85' lang='lat' dir='ltr'><strong>fidem</strong></span> 
     </span>
     <span class='ocr_line' id='line_1_45' title="bbox 1847 2130 2303 2213; baseline -0.002 -19"><span class='ocrx_word' id='word_1_180' title='bbox 1847 2130 2303 2213; x_wconf 82' lang='lat' dir='ltr'><strong>inclinaverat,</strong></span> 
     </span>
    </p>
   </div>
   <div class='ocr_carea' id='block_1_21' title="bbox 1843 2283 2978 2678">
    <p class='ocr_par' dir='ltr' id='par_1_23' title="bbox 1843 2283 2978 2678">
     <span class='ocr_line' id='line_1_46' title="bbox 1846 2283 2836 2368; baseline 0 -20"><span class='ocrx_word' id='word_1_181' title='bbox 1846 2283 1932 2348; x_wconf 82' lang='lat' dir='ltr'><strong>Et</strong></span> <span class='ocrx_word' id='word_1_182' title='bbox 1967 2283 2108 2367; x_wconf 89' lang='lat' dir='ltr'><strong>jam</strong></span> <span class='ocrx_word' id='word_1_183' title='bbox 2154 2284 2323 2348; x_wconf 89' lang='lat' dir='ltr'><strong>intus</strong></span> <span class='ocrx_word' id='word_1_184' title='bbox 2368 2284 2836 2368; x_wconf 64' lang='lat' dir='ltr'><strong>praegustando</strong></span> 
     </span>
     <span class='ocr_line' id='line_1_47' title="bbox 1843 2386 2839 2471; baseline 0.002 -21"><span class='ocrx_word' id='word_1_185' title='bbox 1843 2386 2113 2451; x_wconf 83' lang='lat' dir='ltr'><strong>dextros</strong></span> <span class='ocrx_word' id='word_1_186' title='bbox 2158 2388 2499 2471; x_wconf 82' lang='lat' dir='ltr'><strong>amplexus</strong></span> <span class='ocrx_word' id='word_1_187' title='bbox 2546 2386 2802 2452; x_wconf 85' lang='lat' dir='ltr'><strong>viderat</strong></span> <span class='ocrx_word' id='word_1_188' title='bbox 2821 2436 2839 2469; x_wconf 93' lang='lat'>,</span> 
     </span>
     <span class='ocr_line' id='line_1_48' title="bbox 1846 2490 2978 2574; baseline 0 -20"><span class='ocrx_word' id='word_1_189' title='bbox 1846 2490 2021 2573; x_wconf 90' lang='lat' dir='ltr'><strong>quod</strong></span> <span class='ocrx_word' id='word_1_190' title='bbox 2065 2510 2184 2554; x_wconf 83' lang='lat' dir='ltr'><strong>rex</strong></span> <span class='ocrx_word' id='word_1_191' title='bbox 2231 2491 2515 2574; x_wconf 89' lang='lat' dir='ltr'><strong>speciem</strong></span> <span class='ocrx_word' id='word_1_192' title='bbox 2550 2493 2696 2555; x_wconf 79' lang='lat' dir='ltr'><strong>eius</strong></span> <span class='ocrx_word' id='word_1_193' title='bbox 2885 2492 2978 2555; x_wconf 77' lang='lat'><strong>35</strong></span> 
     </span>
     <span class='ocr_line' id='line_1_49' title="bbox 1846 2594 2284 2678; baseline -0.007 -19"><span class='ocrx_word' id='word_1_194' title='bbox 1846 2594 2284 2678; x_wconf 82' lang='lat' dir='ltr'><strong>concupierat.</strong></span> 
     </span>
    </p>
   </div>
   <div class='ocr_carea' id='block_1_22' title="bbox 1715 2832 2558 2900">
    <p class='ocr_par' dir='ltr' id='par_1_24' title="bbox 1715 2832 2558 2900">
     <span class='ocr_line' id='line_1_50' title="bbox 1715 2832 2558 2900; baseline -0.001 -1"><span class='ocrx_word' id='word_1_195' title='bbox 1715 2838 1776 2899; x_wconf 81' lang='lat'><strong>5.</strong></span> <span class='ocrx_word' id='word_1_196' title='bbox 1839 2833 2007 2899; x_wconf 91' lang='lat' dir='ltr'><strong>Nam</strong></span> <span class='ocrx_word' id='word_1_197' title='bbox 2048 2834 2160 2900; x_wconf 90' lang='lat' dir='ltr'><strong>illa</strong></span> <span class='ocrx_word' id='word_1_198' title='bbox 2207 2832 2558 2900; x_wconf 87' lang='lat' dir='ltr'><strong>Sunamitis</strong></span> 
     </span>
    </p>
   </div>
   <div class='ocr_carea' id='block_1_23' title="bbox 1846 2936 2464 3021">
    <p class='ocr_par' dir='ltr' id='par_1_25' title="bbox 1846 2936 2464 3021">
     <span class='ocr_line' id='line_1_51' title="bbox 1846 2936 2464 3021; baseline 0.003 -20"><span class='ocrx_word' id='word_1_199' title='bbox 1846 2944 1916 3005; x_wconf 86' lang='lat' dir='ltr'><strong>et</strong></span> <span class='ocrx_word' id='word_1_200' title='bbox 1958 2936 2093 3003; x_wconf 86' lang='lat' dir='ltr'><strong>filia</strong></span> <span class='ocrx_word' id='word_1_201' title='bbox 2137 2937 2464 3021; x_wconf 80' lang='lat' dir='ltr'><strong>audierat,</strong></span> 
     </span>
    </p>
   </div>
   <div class='ocr_carea' id='block_1_24' title="bbox 1835 3092 2969 3361">
    <p class='ocr_par' dir='ltr' id='par_1_26' title="bbox 1835 3092 2969 3361">
     <span class='ocr_line' id='line_1_52' title="bbox 1847 3092 2570 3178; baseline 0.003 -21"><span class='ocrx_word' id='word_1_202' title='bbox 1847 3092 2010 3170; x_wconf 79' lang='lat' dir='ltr'><strong>Quia</strong></span> <span class='ocrx_word' id='word_1_203' title='bbox 2052 3092 2336 3159; x_wconf 86' lang='lat' dir='ltr'><strong>coelestis</strong></span> <span class='ocrx_word' id='word_1_204' title='bbox 2379 3101 2570 3178; x_wconf 85' lang='lat' dir='ltr'><strong>pater</strong></span> 
     </span>
     <span class='ocr_line' id='line_1_53' title="bbox 1841 3196 2969 3281; baseline 0.004 -21"><span class='ocrx_word' id='word_1_205' title='bbox 1841 3196 2051 3276; x_wconf 89' lang='lat' dir='ltr'><strong>illam,</strong></span> <span class='ocrx_word' id='word_1_206' title='bbox 2097 3204 2167 3262; x_wconf 83' lang='lat' dir='ltr'><strong>nt</strong></span> <span class='ocrx_word' id='word_1_207' title='bbox 2209 3204 2682 3281; x_wconf 82' lang='lat' dir='ltr'><strong>reverteretur,</strong></span> <span class='ocrx_word' id='word_1_208' title='bbox 2879 3200 2969 3265; x_wconf 77' lang='lat'><strong>40</strong></span> 
     </span>
     <span class='ocr_line' id='line_1_54' title="bbox 1835 3304 2287 3361; baseline 0.004 -2"><span class='ocrx_word' id='word_1_209' title='bbox 1835 3304 2287 3361; x_wconf 86' lang='lat' dir='ltr'><strong>revocaverat.</strong></span> 
     </span>
    </p>
   </div>
   <div class='ocr_carea' id='block_1_25' title="bbox 1841 3420 2767 3741">
    <p class='ocr_par' dir='ltr' id='par_1_27' title="bbox 1841 3420 2767 3741">
     <span class='ocr_line' id='line_1_55' title="bbox 1843 3420 2684 3535; baseline 0.001 -20"><span class='ocrx_word' id='word_1_210' title='bbox 1843 3449 2089 3516; x_wconf 87' lang='lat' dir='ltr'><strong>Sancto</strong></span> <span class='ocrx_word' id='word_1_211' title='bbox 2133 3420 2334 3535; x_wconf 74' lang='lat' dir='ltr'><strong>igitur</strong></span> <span class='ocrx_word' id='word_1_212' title='bbox 2376 3451 2684 3517; x_wconf 86' lang='lat' dir='ltr'><strong>Narcisso</strong></span> 
     </span>
     <span class='ocr_line' id='line_1_56' title="bbox 1841 3553 2640 3638; baseline -0.001 -19"><span class='ocrx_word' id='word_1_213' title='bbox 1841 3556 1936 3619; x_wconf 90' lang='lat' dir='ltr'><strong>illi</strong></span> <span class='ocrx_word' id='word_1_214' title='bbox 1980 3553 2380 3638; x_wconf 66' lang='lat' dir='ltr'><strong>praedicante</strong></span> <span class='ocrx_word' id='word_1_215' title='bbox 2426 3556 2640 3618; x_wconf 85' lang='lat' dir='ltr'><strong>statim</strong></span> 
     </span>
     <span class='ocr_line' id='line_1_57' title="bbox 1843 3656 2767 3741; baseline -0.001 -19"><span class='ocrx_word' id='word_1_216' title='bbox 1843 3656 1929 3722; x_wconf 88' lang='lat' dir='ltr'><strong>ad</strong></span> <span class='ocrx_word' id='word_1_217' title='bbox 1975 3677 2263 3722; x_wconf 89' lang='lat' dir='ltr'><strong>mensam</strong></span> <span class='ocrx_word' id='word_1_218' title='bbox 2307 3659 2514 3741; x_wconf 88' lang='lat' dir='ltr'><strong>patris</strong></span> <span class='ocrx_word' id='word_1_219' title='bbox 2558 3656 2767 3723; x_wconf 87' lang='lat' dir='ltr'><strong>rediit.</strong></span> 
     </span>
    </p>
   </div>
   <div class='ocr_carea' id='block_1_26' title="bbox 1517 3885 2968 3969">
    <p class='ocr_par' dir='ltr' id='par_1_28' title="bbox 1517 3885 2968 3969">
     <span class='ocr_line' id='line_1_58' title="bbox 1517 3885 2968 3969; baseline 0.003 -22"><span class='ocrx_word' id='word_1_220' title='bbox 1517 3886 1604 3947; x_wconf 87' lang='grc'><strong>20</strong></span> <span class='ocrx_word' id='word_1_221' title='bbox 1709 3890 1768 3951; x_wconf 89' lang='grc'><strong>6.</strong></span> <span class='ocrx_word' id='word_1_222' title='bbox 1833 3885 1920 3951; x_wconf 86' lang='lat' dir='ltr'><strong>Et</strong></span> <span class='ocrx_word' id='word_1_223' title='bbox 1965 3887 2175 3952; x_wconf 86' lang='lat' dir='ltr'><strong>civem</strong></span> <span class='ocrx_word' id='word_1_224' title='bbox 2218 3886 2427 3969; x_wconf 90' lang='lat' dir='ltr'><strong>illum,</strong></span> <span class='ocrx_word' id='word_1_225' title='bbox 2474 3887 2581 3951; x_wconf 87' lang='lat' dir='ltr'><strong>cui</strong></span> <span class='ocrx_word' id='word_1_226' title='bbox 2876 3890 2968 3952; x_wconf 79' lang='lat'><strong>45</strong></span> 
     </span>
    </p>
   </div>
   <div class='ocr_carea' id='block_1_27' title="bbox 1508 4513 1593 4577">
    <p class='ocr_par' dir='ltr' id='par_1_29' title="bbox 1508 4513 1593 4577">
     <span class='ocr_line' id='line_1_59' title="bbox 1508 4513 1593 4577; baseline -0.024 0"><span class='ocrx_word' id='word_1_227' title='bbox 1508 4513 1593 4577; x_wconf 83' lang='lat'><strong>25</strong></span> 
     </span>
    </p>
   </div>
   <div class='ocr_carea' id='block_1_28' title="bbox 1829 3987 2713 4073">
    <p class='ocr_par' dir='ltr' id='par_1_30' title="bbox 1829 3987 2713 4073">
     <span class='ocr_line' id='line_1_60' title="bbox 1829 3987 2713 4073; baseline 0 -19"><span class='ocrx_word' id='word_1_228' title='bbox 1829 3989 1999 4054; x_wconf 90' lang='lat' dir='ltr'><strong>male</strong></span> <span class='ocrx_word' id='word_1_229' title='bbox 2046 3987 2360 4073; x_wconf 77' lang='lat' dir='ltr'><strong>adhaesit,</strong></span> <span class='ocrx_word' id='word_1_230' title='bbox 2406 3988 2713 4055; x_wconf 86' lang='lat' dir='ltr'><strong>deseruit.</strong></span> 
     </span>
    </p>
   </div>
   <div class='ocr_carea' id='block_1_29' title="bbox 1834 4146 2885 4336">
    <p class='ocr_par' dir='ltr' id='par_1_31' title="bbox 1834 4146 2885 4336">
     <span class='ocr_line' id='line_1_61' title="bbox 1834 4146 2844 4231; baseline -0.003 -17"><span class='ocrx_word' id='word_1_231' title='bbox 1834 4148 1922 4214; x_wconf 87' lang='lat' dir='ltr'><strong>Et</strong></span> <span class='ocrx_word' id='word_1_232' title='bbox 1966 4168 2114 4231; x_wconf 80' lang='lat' dir='ltr'><strong>quae</strong></span> <span class='ocrx_word' id='word_1_233' title='bbox 2161 4158 2420 4214; x_wconf 84' lang='lat' dir='ltr'><strong>centum</strong></span> <span class='ocrx_word' id='word_1_234' title='bbox 2464 4146 2666 4212; x_wconf 87' lang='lat' dir='ltr'><strong>cados</strong></span> <span class='ocrx_word' id='word_1_235' title='bbox 2713 4146 2844 4212; x_wconf 89' lang='lat' dir='ltr'><strong>olei</strong></span> 
     </span>
     <span class='ocr_line' id='line_1_62' title="bbox 1836 4251 2885 4336; baseline 0.002 -19"><span class='ocrx_word' id='word_1_236' title='bbox 1836 4254 2095 4318; x_wconf 90' lang='lat' dir='ltr'><strong>domino</strong></span> <span class='ocrx_word' id='word_1_237' title='bbox 2141 4271 2258 4318; x_wconf 86' lang='lat' dir='ltr'><strong>suo</strong></span> <span class='ocrx_word' id='word_1_238' title='bbox 2304 4251 2585 4318; x_wconf 86' lang='lat' dir='ltr'><strong>reddere</strong></span> <span class='ocrx_word' id='word_1_239' title='bbox 2626 4252 2885 4336; x_wconf 85' lang='lat' dir='ltr'><strong>debuit,</strong></span> 
     </span>
    </p>
   </div>
   <div class='ocr_carea' id='block_1_30' title="bbox 1832 4408 2971 4581">
    <p class='ocr_par' dir='ltr' id='par_1_32' title="bbox 1832 4408 2971 4581">
     <span class='ocr_line' id='line_1_63' title="bbox 1832 4408 2481 4494; baseline -0.002 -19"><span class='ocrx_word' id='word_1_240' title='bbox 1832 4408 2135 4494; x_wconf 87' lang='lat' dir='ltr'><strong>Accepta</strong></span> <span class='ocrx_word' id='word_1_241' title='bbox 2183 4411 2481 4477; x_wconf 87' lang='lat' dir='ltr'><strong>cautione</strong></span> 
     </span>
     <span class='ocr_line' id='line_1_64' title="bbox 1834 4511 2971 4581; baseline -0.005 -2"><span class='ocrx_word' id='word_1_242' title='bbox 1834 4521 2389 4581; x_wconf 85' lang='lat' dir='ltr'><strong>sacramentorum</strong></span> <span class='ocrx_word' id='word_1_243' title='bbox 2437 4529 2700 4577; x_wconf 86' lang='lat' dir='ltr'><strong>suorum</strong></span> <span class='ocrx_word' id='word_1_244' title='bbox 2876 4511 2971 4574; x_wconf 77' lang='lat'><strong>50</strong></span> 
     </span>
    </p>
   </div>
   <div class='ocr_carea' id='block_1_31' title="bbox 1834 4604 2783 4702">
    <p class='ocr_par' dir='ltr' id='par_1_33' title="bbox 1834 4604 2783 4702">
     <span class='ocr_line' id='line_1_65' title="bbox 1834 4604 2783 4702; baseline -0.002 -21"><span class='ocrx_word' id='word_1_245' title='bbox 1834 4617 2100 4702; x_wconf 83' lang='lat' dir='ltr'><strong>scripsit</strong></span> <span class='ocrx_word' id='word_1_246' title='bbox 2144 4618 2268 4683; x_wconf 85' lang='lat' dir='ltr'><strong>sihi</strong></span> <span class='ocrx_word' id='word_1_247' title='bbox 2312 4604 2783 4701; x_wconf 80' lang='lat' dir='ltr'><strong>quinquaginta</strong></span> 
     </span>
    </p>
   </div>
  </div>
 </body>
</html>
