3175 5234
164 493 419 561 Aranio
463 494 758 578 reliquiae
1519 492 1838 559 Mammes
1852 541 1871 577 ,
1912 512 2124 578 regno
2166 494 2401 580 gloriae
2692 496 2779 560 25

167 598 471 684 praesulis
514 599 815 665 ecclesiae
1329 598 1416 663 2⁰
1519 596 1771 680 positus
1813 598 2123 681 nequitiae

252 701 373 769 tibi
414 699 924 785 Lingonensium
1606 716 1850 763 excusa
1902 698 2219 782 flagitium

171 803 549 870 ceciderunt
592 805 886 869 manibus
1517 809 1761 866 nostrae
1807 801 1932 866 tuis
1976 802 2283 886 precibus

164 914 357 988 voto,
401 905 587 971 titulo
631 906 864 989 quibus
1520 923 1601 970 ao
1644 905 1772 970 tuis
1818 905 2253 973 confratribus

251 1007 496 1074 cunctis
542 1007 661 1072 fuit
695 1007 1019 1093 gaudium.
1607 1015 1673 1072 te
1718 1009 1946 1091 praebe
1988 1008 2354 1093 propitium.
2683 1008 2776 1073 30

345 1199 441 1254 Hs.
480 1215 553 1254 zu
587 1197 1069 1266 Pommersfelden
1103 1218 1156 1257 o.
1194 1201 1301 1256 No.
1332 1202 1402 1255 14
1435 1200 1634 1257 Jahrb.

339 1321 375 1376 8
409 1320 582 1392 pleni,
616 1320 712 1376 Hs.
785 1322 821 1375 9
855 1324 916 1377 et
946 1317 987 1376 f.
1026 1337 1088 1376 es
1123 1321 1240 1392 Hs„
1289 1320 1617 1393 pernicium,
1649 1321 1747 1376 Hs.

338 1442 405 1498 V.
441 1444 491 1499 4.
525 1446 578 1497 5.
649 1442 761 1500 ὖπό
807 1463 861 1499 τι
908 1442 1176 1517 σπήλαιον
1226 1442 1541 1521 nomm,
1585 1441 1920 1519 τρεφόμενος
1966 1441 2045 1514 τῷ
2097 1442 2205 1501 τῶν
2251 1441 2469 1515 ἐλάφων
2517 1447 2770 1519 γάλακτι,
2829 1484 2842 1496 .

160 1533 259 1587 καὶ
292 1521 468 1593 αὖθις
513 1533 808 1606 κρατηθεὶς
844 1533 1068 1613 θηρίοις
1115 1525 1406 1588 ἐκδίδοται,
1455 1531 1613 1603 Sept.
1658 1547 1711 1602 p.
1761 1531 1845 1586 18.
1916 1530 2030 1585 Das
2078 1530 2217 1586 Lied
2264 1528 2420 1603 folgt
2465 1530 2623 1588 einer
2669 1533 2771 1588 be-

156 1616 409 1673 sondern
453 1617 714 1689 Legende
729 1658 745 1689 ,
810 1617 900 1673 die
947 1618 1040 1673 ich
1086 1618 1241 1674 nicht
1287 1618 1487 1673 kenne.
1567 1616 1673 1672 Die
1721 1615 1927 1672 dritten
1977 1615 2159 1672 Verse
2209 1617 2393 1673 baben
2439 1634 2545 1675 nur
2596 1619 2763 1675 einen

152 1704 333 1761 Reim.

335 1877 397 1932 In
431 1878 730 1934 derselben
762 1877 859 1933 Hs.
897 1880 1095 1934 steben
1130 1832 1278 1934 noch
1312 1875 1583 1950 folgende
1620 1874 1765 1932 zwei
1800 1874 2031 1931 Lieder:

1010 2038 1108 2104 De
1154 2057 1203 2103 s.
1251 2038 1615 2105 Mammete.
1681 2055 1898 2122 prosa.

304 2188 488 2257 Voce,
526 2188 701 2244 corde
730 2188 1039 2262 jubilemus
1057 2228 1072 2257 ,
1653 2194 1718 2245 ut
1750 2189 1878 2244 laus
1914 2187 2126 2245 Christi
2161 2186 2495 2245 decantetur

295 2279 608 2353 jubilantes
646 2280 954 2335 exultemus
1653 2282 1713 2332 et
1745 2276 1902 2331 beati
1937 2274 2257 2331 celebretur

372 2366 613 2422 solemni
646 2366 879 2436 laetitia,
1723 2363 2034 2422 mammetis
2068 2364 2327 2421 victoria.

585 2475 655 2528 12
690 2472 994 2544 Strophen.

910 2632 987 2698 In
1033 2631 1459 2697 translatione
1504 2634 1566 2697 b.
1606 2632 1995 2731 mammetis.

304 2782 514 2840 christi
547 2782 730 2838 virtus
766 2782 1096 2854 attollatur,
1516 2797 1619 2853 per
1657 2796 1820 2852 quem
1855 2782 2119 2837 mammes
2157 2782 2480 2837 coronatur.
2515 2782 2622 2834 etc.

338 2958 476 3012 Zum
514 2959 583 3011 17
605 2957 826 3028 August
860 2957 1012 3012 steht
1046 2956 1148 3011 der
1175 2955 1425 3028 Hymnus
1462 2954 1561 3009 des
1586 2950 1873 3009 Walafrit
1889 2953 2130 3009 Strabus
2157 2950 2266 3008 auf
2285 2953 2475 3007 diesen
2501 2950 2766 3022 Heiligen

154 3046 219 3100 in
256 3042 363 3099 den
397 3046 521 3100 Act.
556 3043 660 3099 SS.
696 3046 839 3115 Aug.
874 3048 1006 3098 tom.
1043 3046 1096 3111 3,
1131 3044 1251 3098 429.
1319 3043 1424 3098 Die
1461 3041 1734 3098 Griecben
1769 3039 2046 3096 verehren
2085 3039 2184 3094 ibn
2231 3055 2322 3095 am
2357 3042 2394 3093 2
2427 3038 2766 3110 September

154 3130 277 3187 und
312 3130 493 3185 baben
527 3131 782 3185 mebrere
817 3129 1019 3185 Lieder
1054 3126 1163 3183 auf
1189 3128 1507 3211 denselben.

796 3411 1012 3487 1042.
1081 3411 1195 3484 De
1246 3437 1304 3483 s.
1345 3410 1761 3513 Margareta
1811 3407 2123 3480 historia.

158 3632 217 3698 0
264 3631 679 3715 margareta,
1428 3692 1433 3697 .
1513 3636 1645 3702 hoc
1687 3635 1924 3700 festum
1970 3634 2381 3701 celebrantes
2683 3630 2766 3694 10

156 3735 507 3812 coelorum,
552 3736 777 3819 virgo,
824 3741 1084 3801 secreta
1515 3741 1730 3806 beatae
1773 3736 2208 3819 Margaretae,

147 3839 297 3921 jam
342 3838 806 3920 conscendisti3
1517 3841 1773 3907 ancillae
1818 3840 2073 3904 humilis
2119 3856 2290 3918 suae,

156 3941 549 4007 suavissima
593 3942 856 4007 victima
904 3940 1176 4025 Christi,
1515 3962 1638 4008 nos
1681 3949 1752 4007 ut
1796 3942 2091 4033 ejusdem
2131 3940 2441 4024 precibus

159 4061 285 4109 ora
329 4064 452 4129 pro
498 4045 720 4127 nobis,
1373 4047 1412 4108 5
1519 4046 1850 4112 criminum
1901 4062 2341 4129 expurgemur
2387 4040 2678 4107 faecibus.
2731 4108 2740 4115 ,

158 4148 373 4213 virtus
419 4150 594 4233 quod
638 4145 895 4216 crescat
938 4150 1215 4214 amoris.-

1925 4235 2372 4301 invitatorium.

611 4339 969 4421 “mumma
1520 4371 1881 4439 Auctorem
1924 4369 2080 4434 vitae
2687 4369 2770 4433 15

159 4475 661 4559 Magnificemus
708 4478 1032 4545 dominum
1046 4528 1063 4563 ‚
1520 4475 1847 4542 Christum
1889 4472 2159 4539 laudare
2203 4471 2421 4537 venite
2436 4519 2455 4552 ,

162 4577 563 4643 salvatorem
605 4580 909 4663 omnium,
1521 4579 1627 4645 cui
1669 4578 2053 4662 Margareta

159 4679 231 4744 in
275 4682 506 4767 spiritu
551 4686 915 4753 exultantes
933 4734 952 4769 ‚
1521 4689 1884 4767 conregnat
1927 4683 1993 4747 in
2037 4681 2286 4748 aethere
2328 4681 2501 4747 laeta.

2214 4783 2358 4852 26*
