3175 5234
382 232 513 299 16⁰

512 416 906 502 Angelicam
1871 418 2138 483 vincere
2186 418 2293 500 qui
2338 419 2510 484 solet

516 519 627 586 hic
668 521 869 585 vitam
917 517 1195 583 duxerat
1871 526 2249 601 tentantum,
2280 521 2335 584 si
2363 538 2493 586 non
2517 532 2860 607 repugnet.
2904 526 2998 592 4o

513 623 581 687 in
629 640 858 704 carne,
905 622 1057 686 dum
2244 646 2250 651 ·

513 733 762 809 praeter
807 728 1070 792 carnem
1111 725 1386 791 vixerat.
1742 714 1803 776 7·
1866 709 2070 788 Quem
2114 713 2260 777 haeo
2300 713 2493 795 Virgo

1868 815 2182 880 resistens
2228 836 2269 880 a
2311 834 2385 881 se
2430 817 2586 882 fecit
2627 817 2892 901 fugere,

388 915 447 976 5.
507 912 652 978 Hoc
693 913 962 978 miratur
1553 911 1638 975 25
1875 952 2016 1031 Quo
2060 955 2287 1036 fugato

515 1033 789 1100 semem
835 1023 1168 1098 anuqum’
1877 1057 2428 1140 appropinquavit
2492 1057 2615 1121 sibi
2683 1057 3001 1122 dominus,

518 1123 895 1190 calcaneum

517 1229 658 1289 eius
704 1226 1101 1291 Obssffl'vabfl‘
1147 1221 1455 1304 0815411183
1747 1245 1809 1308 8.
1870 1242 2036 1308 Nam
2066 1244 2235 1308 inter
2265 1243 2554 1326 virgines
2585 1240 2869 1307 adducta
2913 1243 3002 1305 45

519 1360 706 1439 Quod
751 1380 991 1426 nomn-0
1878 1353 2031 1432 post
2075 1366 2245 1425 eam,
2305 1365 2452 1428 quae
2502 1352 2712 1411 mater
2755 1353 2857 1410 est
2899 1345 3005 1409 in-

520 1464 670 1528 dum
706 1465 1141 1545 machinatur,
1558 1462 1644 1524 30
2476 1455 2685 1529 tacta,

523 1567 642 1629 sub
688 1564 963 1649 pedibus
1879 1553 2202 1636 virginum
2244 1553 2518 1636 virginis
2561 1551 2793 1617 Mariae

519 1667 776 1732 feminae
821 1675 1019 1752 caput
1061 1666 1205 1750 eJus
1253 1665 1503 1730 teritur.
1886 1659 2087 1740 digna
2130 1666 2231 1722 est
2273 1657 2704 1742 pedissequa3

1888 1795 1981 1858 Te
2028 1814 2265 1877 agnum
2310 1796 2449 1859 sine
2492 1796 2747 1861 macula

1881 1899 2023 1982 jam
2062 1900 2354 1981 sequitur
2398 1898 2569 1964 stola
2596 1896 2891 1982 candide,
2922 1900 3011 1962 50

1885 2002 2086 2066 filium
2132 2001 2432 2084 virginis,

1891 2121 2296 2186 quocumque
2331 2103 2652 2185 virginum
2684 2102 2804 2167 flos
2834 2102 3012 2166 ieris.

392 1859 452 1920 6.
515 1855 792 1920 Insidias
832 1855 1041 1919 hostis

523 1957 723 2041 hanc,
770 1956 1065 2039 Christe,
1112 1957 1398 2023 docuisti

521 2061 843 2143 virginem
887 2062 1154 2127 vincere
1564 2061 1648 2123 35

524 2164 591 2228 in
636 2165 847 2248 prima
891 2166 1359 2248 congressione
1378 2211 1396 2246 ‚

522 2299 690 2365 Dum
733 2318 864 2365 nou
910 2303 1340 2382 consentiret,
1760 2297 1822 2360 9.
1886 2292 2089 2376 Cujus
2135 2291 2599 2358 intercessione

528 2403 649 2467 sed
691 2403 784 2466 illi
830 2404 1170 2467 resisteret
1187 2449 1205 2485 ,
1888 2406 1960 2463 tu
2004 2416 2125 2462 nos
2167 2405 2371 2463 tuere.

567 2585 663 2640 Hs.
699 2602 769 2640 zu
809 2585 1115 2657 stuttgart,
1152 2584 1296 2639 Bibl.
1324 2585 1431 2639 No.
1466 2585 1552 2640 20.
1590 2582 1630 2640 f.
1669 2585 1756 2640 76.
1795 2585 1894 2640 des
1936 2587 2004 2638 13
2038 2581 2238 2639 Jahrh.
2293 2584 2427 2653 (A).
2494 2580 2592 2637 Hs.
2627 2597 2698 2636 zu
2733 2580 3016 2638 Miinchen

396 2671 535 2729 Glm.
572 2674 764 2728 14845.
803 2670 843 2727 f.
880 2674 931 2727 3.
971 2672 1070 2727 des
1109 2674 1177 2726 12
1208 2672 1410 2728 Jahrb.
1449 2672 1574 2742 (Β).
1646 2672 1750 2728 Bei
1782 2673 1982 2728 Daniel
2015 2674 2069 2741 2,
2106 2672 2177 2726 48
2212 2672 2341 2741 (G).

573 2793 708 2849 Abs.
746 2797 777 2847 1
834 2794 950 2849 und
984 2796 1020 2848 2
1073 2793 1202 2849 siud
1249 2792 1306 2848 in
1347 2794 1397 2848 A
1451 2794 1753 2866 vereinigt.
1860 2796 1896 2850 9
1946 2793 2137 2865 gratia
2182 2793 2296 2850 Ac.
2405 2794 2474 2846 12
2510 2790 2664 2846 edita
2698 2788 2737 2845 f.
2772 2806 2909 2846 mer.
2947 2791 3015 2847 G.

395 2881 469 2934 23
506 2880 649 2934 nach
686 2896 854 2935 carne
892 2882 992 2936 hat
1028 2882 1078 2936 A
1119 2880 1282 2935 einen
1310 2881 1512 2950 Punltt,
1548 2880 1651 2937 der
1677 2881 2006 2954 aber—keine
2032 2880 2334 2935 metrische
2365 2878 2729 2950 Abtheilung,
2764 2878 3019 2934 sondem

398 2966 524 3021 eine
572 2967 928 3038 sprachliche
975 2968 1220 3039 anzeigt.
1315 2970 1387 3022 29
1435 2973 1501 3023 ut
1534 2974 1770 3024 noceret
1805 2969 1849 3024 B
1869 3009 1884 3037 ‚
1938 2968 2029 3023 die
2065 2968 2308 3039 richtige
2352 2966 2555 3022 Lesart
2590 2964 2812 3021 scheint
2845 2964 3016 3018 aber:

400 3055 492 3109 cui
525 3070 749 3110 nocere.
854 3056 926 3109 35
973 3056 1123 3126 virg.
1181 3053 1329 3110 fehlt
1381 3055 1426 3112 G
1446 3095 1461 3123 ,
1524 3070 1713 3127 gegeu
1767 3055 1868 3110 (las
1916 3055 2370 3126 Strophenmass.
2477 3055 2550 3108 40
2600 3058 2851 3108 tentatus
2900 3050 3017 3108 Bc.

397 3142 469 3196 43
506 3140 551 3197 G
585 3142 686 3197 hat
719 3140 922 3195 lxeiuen
957 3141 1186 3197 Absatz.
1258 3143 1331 3195 44
1367 3143 1857 3213 appropinquabat
1891 3142 1998 3197 tibi
2033 3142 2250 3197 domine
2299 3143 2371 3210 C,
2434 3139 2912 3213 appropinquabit
2945 3141 3016 3195 A.

398 3228 514 3285 Das
541 3229 721 3285 Wort
756 3228 995 3285 adducta
1030 3228 1089 3282 in
1116 3231 1187 3283 45
1215 3230 1566 3285 entscheidet
1602 3227 1698 3287 fiir
1727 3230 1818 3285 die
1844 3231 2049 3286 Lesart
2075 3246 2190 3286 von
2217 3229 2281 3298 B,
2318 3229 2408 3283 die
2446 3229 2539 3283 ich
2567 3225 3019 3300 ausgenommen.

398 3316 469 3370 45
522 3333 651 3371 nam
701 3316 797 3373 iut.
850 3316 911 3373 G.
1021 3317 1091 3371 46
1150 3331 1276 3387 quae
1331 3322 1421 3372 est
1462 3321 1598 3372 mat.
1651 3320 1719 3374 A.
1816 3318 1888 3374 48
1935 3334 1997 3372 es
2031 3317 2094 3372 B.
2188 3319 2261 3372 49
2297 3332 2479 3389 agnus
2514 3316 2577 3372 B.
2676 3318 2748 3371 52
2781 3314 2918 3371 ierit
2953 3315 3017 3373 C.

400 3407 471 3460 53
509 3407 678 3480 hujus
714 3406 775 3462 C.
847 3406 919 3459 54
953 3409 1016 3459 tu
1055 3402 1202 3459 fehlt
1236 3403 1295 3460 G.

577 3524 682 3579 mn
717 3524 851 3578 Lien
885 3521 992 3578 anf
1019 3523 1109 3577 dio
1146 3524 1201 3578 h.
1235 3500 1592 3596 Jnngfrauoh
1629 3527 1783 3583 steht
1818 3527 1961 3584 auch
1998 3529 2075 3583 im
2113 3528 2358 3583 modion
2392 3527 2465 3597 z,
2500 3528 2552 3579 ιι.

1308 3849 1479 3925 753.
1549 3851 1669 3923 De
1719 3848 2132 3950 virginibus.

402 4072 596 4156 Jesu,
640 4092 760 4138 rex
807 4067 986 4160 ἅγιε,
1757 4078 1890 4143 Per
1937 4097 2083 4161 quae
2128 4075 2541 4160 subpeditant

407 4182 604 4239 terrae
648 4176 912 4259 polique
1763 4188 1959 4263 atque
1997 4179 2392 4263 triumphant

410 4278 649 4342 virtute
690 4280 986 4345 recolunt
1764 4283 2068 4348 mundum
2114 4302 2255 4348 cum
2298 4283 2472 4347 vitiis

412 4397 492 4444 ac
536 4380 953 4465 benedicunt,
1761 4386 1895 4451 tela
1939 4387 2048 4450 vel
2090 4386 2326 4469 hostis,
2937 4385 3021 4450 1o

413 4483 521 4563 qui
568 4481 684 4547 das
729 4486 1040 4567 virgineis
1616 4493 1654 4553 5
1760 4488 1924 4555 Evae
1968 4507 2091 4574 pro
2137 4491 2367 4554 merito

410 4602 591 4648 arma
635 4589 915 4651 catervis
934 4636 951 4670 ‚
1760 4594 2049 4657 membra
2098 4591 2439 4657 domando.
