3175 5234
1075 681 1245 754 761.
1310 681 1427 752 De
1481 707 1537 753 s.
1596 678 1927 782 Aeg-idio.

505 898 689 965 Sicut
734 919 966 984 passer
1011 895 1336 964 solitarius
1380 901 1444 963 in
1494 907 1670 967 tecto
1692 949 1710 983 ,

506 1005 602 1068 sic
645 1003 746 1067 vir
790 1000 1112 1085 Aegidius
1146 1002 1434 1085 pervigil
1477 1003 1543 1066 in
1588 1002 1870 1069 Christo.

504 1191 946 1274 Requiescens
992 1193 1178 1274 quasi
1222 1192 1328 1256 leo
1374 1211 1517 1256 cum
1562 1191 1740 1257 Juda
1785 1197 2109 1277 accubuit,

506 1297 656 1361 dum
699 1296 943 1379 pullum
989 1313 1170 1360 suum
1211 1295 1295 1359 ad
1341 1296 1598 1360 vineam
1639 1297 1846 1378 ligare
1892 1299 2152 1364 studuit.

504 1481 596 1548 Ut
631 1483 879 1547 catulus
924 1483 1132 1547 leonis
1177 1483 1567 1549 ascenderat
1611 1485 1697 1550 ad
1739 1486 2030 1573 praedam

507 1588 786 1671 alligans
830 1586 914 1651 ad
958 1588 1154 1652 vitem
1199 1588 1447 1653 asinam
1492 1606 1691 1654 suam.

507 1777 668 1863 Cum
712 1797 834 1862 per
877 1778 1182 1843 virtutum
1229 1778 1470 1844 scalam

505 1879 762 1947 Sorech
802 1900 1100 1965 quaerens
1144 1881 1400 1946 vineam

504 2007 581 2050 se
624 2006 929 2069 suamque
975 1985 1237 2051 Christo

497 2090 807 2174 junxerat
851 2107 1173 2173 sponsam.

504 2278 628 2344 Hic
671 2280 974 2346 inventus
1015 2283 1156 2346 sine
1199 2285 1483 2366 macula,

505 2403 631 2449 noc
675 2386 966 2469 speravit
1007 2386 1071 2450 in
1119 2386 1441 2452 thesauris
1488 2394 1555 2451 et
1598 2385 1905 2475 pecunia,

502 2575 604 2640 Ne
649 2575 770 2640 sibi
815 2574 1084 2641 coluber
1129 2575 1194 2638 in
1238 2574 1348 2639 via

500 2697 626 2743 nec
667 2687 955 2743 cerastes
1000 2697 1240 2743 nocere
1283 2685 1514 2762 posset
1552 2677 1621 2742 in
1665 2677 1912 2743 semita.

504 2863 623 2931 Cui
671 2886 794 2949 per
837 2876 1083 2933 sanctae
1130 2864 1430 2932 trinitatis
1475 2866 1834 2933 efficaciam

509 2970 780 3035 contulit
823 2978 1066 3035 tantam
1116 2969 1276 3035 deus
1320 2970 1693 3034 meritorum
1741 2971 2050 3052 gratiam,

505 3158 595 3225 Ut
636 3161 1088 3226 miraculorum
1133 3178 1485 3225 coruscans
1531 3160 1875 3224 virtutibus

505 3265 756 3329 miseris
800 3284 922 3348 per
964 3264 1174 3348 ipsum
1219 3263 1595 3327 subveniret
1637 3262 1947 3347 pluribus.

501 3435 668 3501 Nam
712 3443 1004 3519 tempore
1050 3434 1328 3517 quodam
1370 3442 1643 3519 propter
1688 3433 2168 3516 eleemosynam

503 3539 742 3604 misero
787 3537 1042 3603 cuidam
1086 3557 1267 3602 suam
1313 3536 1492 3601 dedit
1535 3537 1847 3618 tunicam,
1970 3608 1975 3613 โต

505 3727 712 3806 Quam
756 3734 829 3791 ut
873 3747 1056 3809 aeger
1097 3725 1266 3790 idem
1311 3723 1640 3808 induerat,

506 3830 841 3895 incolumis
886 3829 1036 3893 inde
1081 3829 1383 3893 redierat.

504 4018 755 4083 Deinde
802 4020 1175 4101 relinquens
1213 4018 1532 4083 Graeciam

508 4125 763 4189 transiit
807 4122 958 4187 exul
1007 4121 1092 4187 ad
1137 4121 1428 4187 Galliam.

505 4296 741 4361 Munus
787 4297 870 4359 ab
917 4294 1279 4378 apostolico
1321 4292 1547 4361 Romae
1593 4294 1717 4358 sibi
1760 4290 2208 4372 contraditum,

509 4399 725 4463 statim
770 4398 1101 4462 inmissum
1146 4397 1362 4463 Tiberi
1407 4396 1641 4465 direxit
1687 4393 1776 4461 ad
1819 4393 2198 4461 coenobium.

509 4569 859 4637 Peccatum
904 4570 1082 4654 regis
1125 4569 1360 4654 piavit,

509 4682 825 4741 mortuum
871 4673 1303 4742 resuscitavit.

2676 296 2804 362 16ยน1

2717 2092 2802 2157 10

2715 2864 2799 2929 15

2710 3531 2800 3601 20

2715 4285 2803 4351 25
