3175 5234
384 249 514 314 1⁴8

381 439 572 508 Nunc
613 457 715 504 me
762 435 1026 519 sanguis
1066 435 1260 519 juvet
1301 442 1553 516 vester,
1739 433 1897 499 Oret
1939 451 2320 500 numerosus
2365 442 2602 515 coetus‚

382 560 468 606 ne
513 559 555 604 a
598 537 859 601 Christo
904 545 1059 602 tuuc
1103 543 1494 619 sequestrer,
1738 537 1983 601 inserar
2026 543 2099 600 ut
2142 536 2310 600 coelo
2352 537 2575 620 laetus,

386 651 576 708 orent
619 660 849 707 cruces
896 648 963 705 et
999 658 1291 722 coronae,
1740 657 1866 702 nec
1910 644 2215 703 occurrat
2255 636 2411 701 mihi
2452 646 2692 721 metus,

386 765 471 811 ne
516 748 926 812 succumbam
970 746 1036 809 in
1084 762 1298 826 agone
1740 742 2113 805 interventu
2153 749 2377 805 vestro
2420 741 2660 824 fretuS,

472 848 775 931 culpante
821 847 1232 912 conscientia.
1552 844 1637 906 35
1830 850 2079 908 aeterna
2122 843 2243 908 sed
2285 844 2527 910 laetitia.
2906 846 2997 909 40

553 1047 652 1103 ns.
691 1064 762 1103 zu
796 1045 993 1115 Mainz,
1030 1048 1174 1121 Aug.
1211 1048 1316 1105 No.
1352 1049 1474 1102 439.
1515 1047 1603 1102 Bl.
1643 1048 1760 1104 184.
1804 1046 1903 1101 des
1943 1049 2011 1101 15
2046 1047 2244 1105 Jahrb.

555 1170 623 1221 21
663 1172 741 1235 ut,
777 1168 874 1222 Hs.

558 1287 624 1340 V.
652 1288 701 1341 6.
756 1287 816 1341 lu
853 1287 1145 1359 suppliciis
1183 1291 1241 1342 et
1275 1285 1552 1341 mortibus
1592 1287 1884 1342 beatorum
1920 1293 2260 1358 martyrum,
2310 1287 2403 1358 qui
2440 1288 2785 1358 putabantur
2820 1289 2998 1346 minui

382 1390 643 1440 numero,
708 1373 1230 1444 multiplicabantur
1277 1374 1552 1445 exemplo.
1617 1375 1775 1429 Leon.
1811 1389 1877 1428 m.
1914 1390 2078 1428 serm.
2113 1376 2214 1442 36,
2251 1377 2303 1429 3.
2390 1375 2625 1451 στρατὸς
2661 1377 2718 1432 ἐν
2753 1374 2997 1452 ἀριθμῷ

383 1460 687 1536 δισμυρίων
720 1461 1033 1539 μαρτύρων.
1066 1462 1261 1517 Horar.
1296 1463 1416 1516 229.
1489 1462 1646 1516 Dazu
1681 1461 1891 1532 gehort
1928 1459 2197 1533 fulgendo
2233 1461 2504 1534 wicbtige
2533 1463 2733 1532 Stelle,
2769 1463 2994 1521 welche

382 1546 491 1602 deu
537 1546 820 1602 Eindruck
869 1549 969 1603 des
1018 1549 1485 1620 Martyrerthums
1544 1546 1654 1603 auf
1693 1548 1780 1602 die
1835 1549 2098 1605 Christen
2146 1549 2325 1604 durch
2373 1550 2536 1605 einen
2582 1551 2996 1624 Zeitgenossen

383 1634 644 1705 bezeuge.
718 1634 844 1690 τότε
880 1627 1021 1706 ἦσαν
1057 1639 1271 1701 πιστοὶ,
1309 1633 1399 1690 ὅτε
1432 1634 1504 1690 τὰ
1538 1633 1818 1712 μαρτύρια
1853 1635 1920 1709 τῇ
1953 1634 2111 1712 γενεᾷ
2147 1637 2414 1709 ἐγίνοντο,
2462 1635 2549 1693 ὅτε
2589 1635 2701 1693 ἀπὸ
2737 1637 2843 1693 τῶν
2876 1660 2995 1695 κοι-

383 1726 654 1797 μητηρίων
702 1725 1131 1797 προπέμψαντες
1176 1722 1306 1785 τοὺς
1352 1721 1645 1798 μάρτυρας
1682 1719 1985 1798 ἠρχόμεθα
2021 1723 2111 1778 ἐπὶ
2146 1723 2245 1786 τὰς
2281 1723 2637 1800 συναγωγὰς,
2697 1730 2787 1782 καὶ
2824 1726 2921 1798 ὅλη
2956 1726 2994 1798 ἦ

383 1808 634 1879 ἐκκλησία
682 1808 757 1880 μὴ
805 1813 1123 1882 ἐκτηκομένη
1158 1815 1505 1885 παρεγίνετο,
1559 1813 1651 1864 καὶ
1686 1812 1742 1865 οἱ
1776 1808 2167 1883 κατηχούμενοι
2202 1809 2292 1866 ἐπὶ
2328 1820 2442 1874 τοῖς
2472 1818 2797 1888 μαρτυρίοις
2831 1834 2995 1887 κατη-

381 1893 597 1965 χοῦντο.
649 1896 887 1966 Oriqenis
923 1897 1113 1951 homil.
1152 1900 1205 1965 4,
1241 1900 1291 1950 [ι.

561 1983 627 2037 V.
664 1986 750 2038 36.
799 1985 1052 2057 Chryso-31.
1090 1983 1216 2038 adv.
1254 1984 1487 2040 Judaeos
1524 1985 1576 2052 8,
1616 1984 1667 2037 6.
1737 1981 1869 2039 ὅταν
1922 1984 2043 2057 ἴδῃς·
2089 1985 2182 2041 τὸν
2231 1982 2370 2041 θεόν
2418 2005 2480 2041 σε
2525 1982 2816 2051 κολάζοντα
2838 2028 2852 2049 ,
2914 1988 2997 2060 μὴ

382 2070 528 2147 πρὸς
564 2069 691 2133 τοὺς
728 2069 980 2147 ἐχθροὺς·
1035 2070 1206 2127 αὐτοῦ
1248 2068 1593 2147 καταφύγῃς,
1649 2065 1787 2123 ἀλλὰ
1834 2068 1976 2147 πρὸς
2020 2069 2148 2133 τοὺς
2195 2073 2391 2141 φίλους
2436 2069 2632 2139 αὐτοῦ,
2685 2072 2814 2137 τοὺς
2847 2073 2996 2151 μάρ-

382 2177 555 2233 τυρας
590 2158 719 2222 τοὺς
756 2158 966 2231 ἁγίους,
1005 2162 1096 2213 καὶ
1138 2155 1554 2233 εὐηρεστηκότας
1593 2152 1743 2228 αὐτῷ
1777 2162 1868 2213 καὶ
1903 2158 2106 2229 πολλὴν
2140 2161 2369 2227 ἔχοντας
2404 2162 2725 2234 παρῤησίαν.

644 2499 652 2508 ‘
696 2477 866 2550 738.
912 2476 1002 2546 lu
1054 2474 1167 2545 die
1219 2472 1461 2546 decem
1503 2471 1795 2546 millium
1838 2486 2240 2575 martyrum.
2290 2476 2674 2574 sequentia.

379 2696 504 2763 Hic
549 2704 649 2761 est
694 2696 834 2760 dies
880 2694 1311 2762 celebrandus
1739 2694 1858 2760 Isti
1901 2695 2135 2760 mundo
2182 2696 2520 2778 fortiores,

380 2797 809 2880 laudibusque
856 2796 1350 2882 praesentandus
1741 2799 2032 2865 hostibus
2076 2800 2599 2882 praestautiores‚
2906 2801 3000 2866 20

468 2902 608 2967 dies
655 2903 882 2967 decem
924 2903 1186 2967 millium
1207 2950 1225 2985 ‚
1829 2899 2088 2966 Christo
2135 2921 2283 2966 sese
2330 2902 2662 2984 dedicant3

384 3026 560 3092 agon
607 3007 850 3073 Christi
893 3007 1341 3089 venerandus,
1740 3005 1809 3068 hi
1853 3005 2075 3070 vicere
2120 3006 2216 3070 sic
2261 3014 2575 3088 tortores,

377 3111 571 3176 favor
616 3111 828 3177 crucis
873 3110 1216 3176 imitandus
1595 3113 1635 3172 5
1741 3105 1913 3189 quod
1956 3124 2299 3189 passorum
2345 3106 2473 3172 dici
2514 3106 2713 3172 flores

466 3222 739 3280 mortem
793 3216 1020 3280 sanxit·
1053 3222 1425 3297 martyrum.
1817 3208 1971 3290 jure
2016 3208 2140 3273 sibi
2182 3208 2548 3273 vendicant.

379 3402 664 3482 Quorum
712 3402 911 3469 duces
955 3403 1374 3486 Hermolaus,
1741 3397 2069 3482 Quotquot
2114 3400 2283 3465 enim
2326 3419 2448 3484 per
2493 3407 2839 3482 tormenta,
2907 3400 2997 3464 25

379 3502 700 3572 Achatius
716 3552 734 3586 ,
780 3505 1149 3588 Menelaus,
1684 3589 1691 3594 ·
1737 3521 1930 3568 manu
1975 3502 2132 3568 forti
2175 3501 2393 3587 palma
2433 3500 2644 3586 tentA,

466 3605 784 3690 Albinus,
829 3607 1181 3690 Elyethes‚
1824 3606 2018 3690 plura
2058 3626 2182 3692 per
2226 3607 2548 3691 supplicia

381 3726 607 3773 omnes
651 3729 817 3792 una,
864 3709 1036 3791 quod
1082 3711 1168 3774 sit
1207 3728 1417 3774 vanus
1554 3710 1637 3773 10
1739 3708 1895 3774 vitae
1938 3717 2162 3775 tenent
2206 3710 2642 3792 firmamenta,

380 3809 656 3876 mundus
694 3809 821 3894 hic,
868 3809 1121 3876 daemon
1166 3812 1512 3895 profanus,
1739 3812 2125 3896 gaudiorum
2168 3813 2569 3877 incrementa
2585 3860 2605 3896 ,

468 3914 750 3980 clamant
787 3912 1030 3979 Christi
1072 3915 1322 3979 milites.
1829 3915 1950 3982 sed
1993 3935 2122 3982 non
2166 3937 2289 4003 per
2332 3918 2579 3983 similia.
2910 3916 2995 3981 30

379 4102 581 4169 Fides
627 4123 748 4189 spe
795 4107 1252 4187 corroborata,
1736 4107 1954 4172 Morte
2003 4105 2264 4171 Christo
2311 4105 2770 4192 complantati,

381 4209 652 4275 caritate
698 4210 1019 4292 radicata,
1739 4229 2000 4276 crucem
2043 4207 2257 4275 Jhesu
2299 4211 2548 4275 lucrum
2590 4208 2717 4273 rati

467 4313 678 4394 fulget
719 4314 786 4377 in
831 4315 1259 4397 martyribus,
1553 4314 1635 4376 15
1827 4313 2113 4398 psallunt
2157 4312 2284 4377 deo
2328 4311 2596 4395 gratias.

381 4414 586 4481 corda
631 4414 757 4481 deo
801 4427 1207 4502 praeparata,
1742 4416 1846 4482 sol
1889 4424 1958 4480 et
1999 4416 2152 4481 luna
2195 4415 2547 4497 tenebrati,

378 4519 685 4605 passione
730 4523 1009 4604 sociata,
1744 4529 1922 4585 terra
1965 4528 2168 4602 mota,
2216 4520 2316 4584 his
2360 4519 2620 4604 probati
2910 4517 2995 4578 35

466 4629 786 4708 praestant
828 4625 1032 4689 sacris
1076 4625 1348 4709 legibus.
1831 4622 1957 4689 deo
2001 4622 2280 4689 reddunt
2326 4623 2586 4687 animas.
