3175 5234
2665 310 2792 375 185

178 493 382 560 Anna
427 494 680 560 stellam
717 495 1124 577 matutinam,
1539 491 1742 558 Salve
1786 503 1994 559 mater
2037 496 2258 560 matris
2303 495 2576 578 Christi,
2706 497 2790 561 25

178 599 439 665 stellam
483 599 681 663 maris
733 605 801 663 et
845 599 1138 683 reginam
1349 597 1434 661 20
1541 614 1688 678 quae
1723 595 1864 678 jam
1906 595 2065 660 felix
2110 597 2547 662 conscendisti

274 701 533 786 peperit
577 700 935 765 clementiae
952 749 969 783 ,
1619 696 1908 780 jubilans
1955 697 2038 763 ad
2083 700 2327 765 aethera
2344 748 2363 783 ,

175 886 284 952 De
329 906 460 970 qna
502 907 661 952 vere
698 887 840 970 jam
884 886 1171 969 laetatur,
1540 887 1672 955 Iter
1717 888 1905 951 nobis
1948 904 2118 970 para
2158 893 2388 967 tutum,

179 990 335 1073 quia
382 989 572 1055 deum
616 991 1090 1075 contemplatur
1540 998 1613 1055 ut
1650 992 1714 1055 in
1760 990 1997 1055 domini
2040 992 2347 1056 virtutum

272 1094 568 1158 revelata
612 1094 800 1159 facie.
1630 1093 2023 1160 collocemur
2067 1095 2356 1159 dextera.
2707 1096 2790 1160 30

365 1278 489 1332 Ans
543 1278 701 1333 einer
747 1276 841 1332 Hs.
892 1277 992 1332 des
1048 1280 1116 1332 15
1168 1278 1362 1336 Jahrb.
1421 1281 1520 1336 des
1573 1276 1929 1349 ehemaligen
1980 1276 2241 1333 Klosters
2294 1279 2635 1334 Bronnhach
2690 1278 2790 1334 bei

179 1361 520 1417 Wertheim.
593 1363 894 1421 Tristemm
938 1364 1009 1419 de
1055 1365 1314 1422 laudibus
1361 1383 1407 1421 s.
1444 1370 1623 1422 Annae
1673 1366 1953 1436 (flegunt-
2001 1366 2173 1433 1499)
2231 1365 2331 1420 hat
2382 1381 2486 1421 uur
2522 1365 2793 1422 Gedichte

180 1450 372 1504 seiner
408 1450 817 1522 Zeitgeuossen
867 1450 973 1507 auf
1009 1451 1097 1508 ‹lIe
1135 1454 1190 1507 h.
1224 1455 1386 1508 Anna
1425 1453 1757 1525 gesammelt
1804 1451 1916 1506 und
1963 1451 2052 1505 die
2098 1450 2318 1506 alteren
2366 1452 2793 1509 Kirchenlieder

181 1536 600 1607 weggelassen.
675 1538 945 1594 Derselbe
980 1539 1055 1593 im
1091 1540 1354 1613 catalog.
1389 1542 1564 1595 viror.
1601 1539 1806 1595 illustr.
1844 1536 1884 1594 f.
1920 1540 2007 1593 53.
2056 1534 2213 1592 ffihrt
2261 1540 2405 1593 auch
2440 1539 2531 1594 ein
2568 1555 2793 1595 carmen

181 1624 476 1680 heroicum
513 1612 580 1679 de
618 1643 663 1681 s.
695 1627 859 1681 Anna
893 1642 1008 1681 von
1042 1625 1262 1683 Rudolf
1286 1629 1562 1701 Agricola
1598 1644 1685 1683 au.

370 1747 440 1803 V.
483 1749 565 1801 10.
613 1748 781 1820 virga
796 1789 811 1818 ,
873 1749 1317 1805 bezeichnender
1363 1751 1422 1805 in
1468 1750 1575 1806 den
1609 1751 1846 1806 Menaen
1895 1746 2101 1823 ῥάβδος
2138 1749 2199 1815 ἐξ
2234 1745 2497 1823 ἀκάρπων
2531 1747 2789 1822 λαγόνων.

181 1834 293 1891 ἀι
326 1838 425 1977 2ῗῇ
466 1924 713 1977 13-15.
776 1923 838 1978 ln
873 1922 979 1977 (len
1016 1924 1251 1978 Menaeni
1298 1924 1479 1979 heisst
1524 1925 1690 1980 Anna
1726 1924 1828 1978 ‹ler
1863 1923 2133 1980 Oelbaum
2153 1961 2168 1989 ‚
2231 1922 2416 1977 Maria
2453 1922 2553 1977 der
2589 1923 2790 1995 Zweig

180 2010 294 2065 und
346 2010 603 2067 Christus
661 2010 751 2066 die
805 2009 999 2066 Blfite:
1065 2010 1218 2065 ἐλαία
1272 2009 1659 2084 βλαστάνουσαι
1706 2009 1907 2066 κλάδον
1952 2007 2158 2084 &potior
2192 2012 2512 2084 παρθένον,
2573 2007 2691 2079 ἥτις
2725 2010 2788 2064 τὸ

182 2092 366 2159 ἄνθος
404 2094 667 2166 ἆνθιὶσειε
703 2095 949 2171 Χριστὸν
983 2096 1124 2152 κατὰ
1159 2095 1354 2172 σάρκα.
1408 2097 1536 2152 Dec.
1574 2098 1625 2151 9.

366 2184 431 2238 V.
466 2184 539 2239 28
575 2184 652 2240 ist
686 2200 787 2239 aus
824 2184 947 2240 dem
982 2184 1151 2240 Liede
1186 2187 1309 2243 Ave
1345 2184 1517 2241 maris
1555 2185 1727 2240 stella
1763 2185 2032 2240 entlehnt.

1115 2484 1282 2558 783.
1356 2485 1472 2555 De
1526 2509 1582 2556 s.
1630 2479 1870 2555 Anna.

177 2703 410 2786 Anna,
454 2710 662 2768 mater
704 2703 843 2787 pia,
888 2723 1043 2786 ave,
1537 2723 1729 2786 quam
1774 2711 1843 2770 tu
1886 2713 2154 2790 nuptam
2199 2708 2657 2792 contemplaris

181 2806 369 2891 cujus
414 2821 647 2869 nomen
692 2814 794 2869 est
835 2823 1069 2887 suave,
1622 2806 1802 2889 regis
1843 2826 2071 2889 regum
2120 2806 2273 2873 filio.

263 2904 466 2971 Anna
510 2914 698 2971 sonat
742 2912 1037 2989 granam
1537 2966 1634 3031 Tu
1679 2987 1827 3050 quae
1864 2969 2005 3033 sola
2047 2971 2336 3034 meruisti
2705 2968 2784 3032 10

1535 3089 1684 3134 esse
1729 3077 1937 3135 mater
1974 3073 2196 3134 matris
2244 3070 2517 3153 Christi,

177 3123 334 3189 Ave
379 3122 571 3188 ‘lesse
615 3121 806 3187 'adu‘
854 3121 1034 3186 nom
1054 3170 1071 3204 ’
1622 3189 1855 3254 preces
1891 3179 2146 3234 nostras
2194 3172 2471 3254 suscipe.

181 3247 332 3310 quae
378 3228 660 3291 coelestis
710 3227 821 3291 dat
864 3228 1084 3291 odoris
1392 3229 1429 3289 5

267 3330 574 3413 perennis
618 3329 1058 3412 fragrantiam·
1537 3337 1633 3402 Tu
1680 3354 1798 3401 nos
1841 3335 2030 3400 matri
2076 3344 2270 3418 atque
2315 3336 2524 3418 proli,
2579 3360 2583 3365 ·

1534 3441 1679 3523 regi
1724 3458 1802 3505 ac
1844 3440 2095 3522 teginae
2139 3439 2275 3523 poli

180 3541 333 3610 Ave
380 3561 619 3627 parens
662 3542 872 3607 stellae
917 3543 1143 3625 maris,
1623 3543 2059 3608 commendari
2102 3561 2233 3608 nou
2279 3542 2520 3607 desine.
2703 3542 2782 3604 15

355 3727 453 3782 Es.
490 3744 562 3782 zu
596 3727 656 3784 S.
692 3728 835 3784 Paul
870 3729 929 3783 in
965 3727 1218 3784 Karnten
1252 3728 1357 3783 No.
1395 3728 1479 3781 76.
1520 3730 1588 3781 15
1625 3726 1822 3783 Jahrh.

367 3849 435 3904 V.
472 3852 524 3906 3.
577 3852 836 3924 gratiam.
890 3850 1055 3907 Diese
1082 3851 1410 3923 Bedeutung
1444 3851 1597 3906 wird
1623 3848 1712 3907 oft
1738 3852 2223 3922 hervorgehoben.
2252 3848 2417 3908 Ἄννα
2443 3848 2786 3925 ἑρμηνεύεται

181 3936 364 4014 χάρις.
420 3939 660 4009 Oriqenia
693 3941 750 3995 in
786 3941 982 3997 natta
1019 3944 1058 3995 t.
1088 3941 1173 4010 12,
1197 3940 1281 3993 31.
1336 3938 1467 4008 νει.
1504 3939 1612 3994 No.
1651 3940 1772 4007 782,
1809 3942 1860 3993 5.
1896 3940 1947 3993 c.
2020 3939 2124 3995 No.
2162 3942 2280 3995 792.
2315 3942 2402 3993 22.
2458 3939 2563 3994 No.
2590 3940 2712 4006 ⁷93,
2729 3941 2782 3993 2.

881 4251 1051 4324 784.
1129 4250 1245 4321 De
1299 4275 1355 4320 s.
1399 4250 1634 4321 Anna.
1714 4248 2094 4346 sequentia.

178 4466 382 4533 Salve
429 4487 667 4551 parens
712 4471 934 4534 matris
982 4467 1258 4552 Christi,
1535 4465 1683 4531 Lux
1727 4466 1808 4530 de
1853 4466 1997 4529 luce
2042 4462 2263 4546 prodit
2308 4472 2486 4544 orta,

179 4570 434 4635 stellam
482 4571 630 4651 quia
675 4571 1033 4654 protulisti,
1537 4572 1755 4637 clausa
1800 4578 2220 4654 permanente
2264 4580 2488 4657 porta,
2742 4572 2781 4633 5

263 4672 438 4739 unde
487 4674 586 4736 sol
633 4675 904 4739 emicuit.
1621 4679 1808 4737 vates
1851 4679 1920 4737 ut
1963 4673 2316 4756 praecinuit.
