3175 5234
375 504 466 567 ‘U'
491 502 609 562 m
650 491 934 574 ΜΨ·
977 504 1208 571 pm,

379 599 715 666 criminum
758 598 1040 678 purgata
1076 591 1241 655 saece
1262 638 1279 668 ,

1594 488 1634 549 5
1740 486 1828 551 de
1871 487 2113 551 virtuto
2154 487 2221 550 in
2256 486 2561 551 virtutem

1743 587 2119 670 gradiamur
2163 586 2247 651 ad
2292 587 2584 653 salutem.

559 779 657 835 Rs.
705 775 808 832 der
858 772 1344 831 Stadtbibliothek
1389 789 1459 826 zu
1513 770 1726 839 Huius,
1798 772 1992 828 Carth.
2048 771 2155 827 No.
2207 772 2330 863 640.
2396 769 2481 826 Bl.
2537 772 2657 826 100.
2719 787 2823 827 aus
2870 772 3003 829 dem

373 856 460 921 -13
496 865 693 922 Jahrb.

559 1020 621 1076 In
659 1019 783 1074 dem
815 1017 1230 1076 Antidotarium
1267 1014 1467 1070 animm
1514 1013 1717 1070 Nicolai
1748 1014 1980 1082 Saliceti,
2045 1016 2350 1086 Argentor.
2392 1016 2544 1069 1491.
2597 1013 2636 1071 f.
2678 1020 2793 1073 141.
2844 1021 3004 1076 steht

385 1108 532 1164 auch
570 1107 661 1161 ein
697 1105 900 1160 kur-ses
935 1102 1071 1158 Lied
1107 1100 1215 1158 anf
1241 1101 1433 1156 diesen
1468 1100 1760 1172 Heiligen,
1796 1101 2048 1155 welches
2083 1118 2152 1156 so
2188 1098 2464 1173 anffingt:

530 1227 748 1283 Ductor
780 1222 1135 1297 praefulgens
1171 1222 1380 1278 litteris

531 1312 859 1371 doctoribus
893 1326 1018 1381 prae
1055 1309 1260 1367 ceteris
1275 1348 1291 1377 ,
1401 1346 1408 1353 -

1803 1226 1865 1276 tu
1901 1221 2157 1276 doctrina
2192 1221 2529 1278 clericorum

1801 1314 1970 1378 atque
2005 1322 2170 1363 sacra
2205 1308 2325 1364 vita
2360 1322 2576 1365 morum
2610 1315 2716 1365 etc.

1225 1680 1398 1754 822.
1455 1681 1572 1751 De
1626 1705 1681 1751 s.
1735 1674 2167 1778 Augustino.

391 1920 494 1989 De
536 1918 877 2005 profundis
921 1919 1340 1984 tenebrarum

395 2024 637 2090 mundo
683 2025 897 2089 lumen
941 2023 1078 2087 exit
1122 2023 1366 2089 clarum

485 2134 556 2192 et
599 2127 905 2191 scintillat
945 2125 1169 2208 hodie,

395 2229 551 2295 olim
596 2229 851 2312 quidem
895 2246 1015 2292 vas
1060 2228 1302 2291 erroris
1318 2274 1335 2307 ,

395 2330 805 2416 Augustinus
850 2348 970 2394 vas
1013 2330 1282 2392 honoris
1606 2330 1647 2389 5

485 2435 675 2499 datus
721 2442 822 2497 est
866 2432 1180 2497 ecclesiae.

396 2645 626 2713 Verbo
673 2644 777 2709 dei
823 2643 970 2709 dnm
1014 2644 1267 2725 obedit,

397 2748 610 2817 credit
654 2765 880 2811 errans
924 2755 991 2810 et
1035 2746 1289 2811 accedit

487 2850 575 2916 ad
616 2851 917 2935 baptismi
960 2851 1237 2937 gratiam
1253 2900 1270 2932 ‚

398 2954 612 3020 faetus
656 2961 936 3039 martyr,
982 2953 1102 3018 sed
1145 2955 1380 3037 inanis,
1569 2957 1650 3019 10

401 3055 842 3122 doctrinarum
888 3056 1074 3122 tritus
1120 3058 1304 3122 vanis

486 3180 612 3245 per
653 3168 904 3245 pestem
946 3159 1339 3227 haereticam.

400 3372 811 3444 Confirmatis
856 3373 1050 3456 fidem
1094 3380 1162 3437 et
1204 3391 1419 3437 mores

393 3478 570 3562 legis
614 3497 825 3546 sacrae
865 3494 1295 3562 perversores

489 3582 680 3645 verbi
722 3587 914 3646 necat
958 3579 1209 3663 gladio:
1574 3582 1652 3641 15

399 3680 790 3746 obmutescit
833 3679 1259 3762 Fortunatus,

401 3780 584 3847 cedit
624 3780 856 3844 Manes
900 3788 967 3870 et
1008 3781 1298 3846 Donatus

494 3890 695 3948 tantae
739 3883 900 3948 lucis
945 3883 1149 3949 radic.

398 4098 675 4169 Multum
722 4101 919 4185 coepit
961 4102 1241 4166 fructum
1284 4102 1479 4185 ferre,

401 4202 558 4269 dum
598 4205 664 4267 in
709 4203 876 4270 fines
919 4205 1099 4269 orbis
1141 4210 1339 4270 terrae
1567 4206 1652 4271 20

489 4307 686 4374 fidem
728 4311 970 4395 sparsit
1004 4311 1276 4381 unicam,

655 4408 744 4493 ζ*
782 4411 988 4497 femen
1030 4415 1073 4480 3
1129 4412 1377 4498 Verso.)

1748 1914 2136 1981 Clericalem
2183 1917 2341 1980 vitae
2386 1917 2658 1983 formam

1751 2017 2223 2101 conquadravit
2256 2019 2451 2104 juxta
2494 2039 2782 2088 norm

1839 2128 2045 2185 coetus
2091 2121 2475 2204 apostolici3
2976 2140 2991 2151 ·

1753 2224 1853 2287 sui
1896 2224 2136 2308 quippe
2180 2223 2272 2288 nil
2314 2223 2645 2291 habebant
2918 2229 3011 2292 2⁸

1752 2334 2057 2408 tanquam
2101 2342 2305 2409 mum,
2350 2328 2733 2393 serviebant

1839 2427 1903 2491 in
1951 2446 2283 2495 commune
2329 2431 2569 2496 clerici.

1755 2694 1870 2762 Sic
1914 2698 2255 2764 multorum
2298 2717 2425 2783 pro
2466 2701 2679 2766 salute

1756 2801 1866 2867 diu
1901 2802 2131 2867 vivens
2173 2804 2242 2868 in
2282 2804 2554 2887 virtute,

1755 2902 2017 2968 tandem
2059 2906 2232 2969 bona
2279 2914 2615 2971 senectute
2919 2911 3012 2976 30

1845 3006 2106 3071 dormiit
2148 3027 2291 3073 cum
2335 3011 2659 3092 patribus3

1755 3111 1824 3173 in
1866 3116 2161 3174 extremo
2206 3110 2297 3173 nil
2339 3110 2616 3194 legavit,

1757 3212 1929 3294 quod
1974 3213 2067 3277 nil
2108 3230 2293 3278 suun
2330 3215 2709 3297 aestimavit,

1756 3319 1951 3381 immo
1998 3323 2201 3381 totum
2243 3318 2576 3400 reputavit

1845 3436 2180 3484 commune
2225 3438 2372 3483 cnm
2414 3419 2736 3513 fratribus.
2920 3424 3013 3488 35

1759 3690 1962 3758 Salve
2007 3711 2264 3776 gemma
2306 3694 2781 3778 confessorum,

1756 3796 1986 3878 lingua
2022 3793 2300 3879 Christi,
2343 3815 2477 3863 vox
2520 3798 2831 3864 ooelorum
2848 3844 2869 3881 ,

1758 3898 1977 3965 scriba
2017 3898 2172 3962 vitae
2188 3947 2205 3979 ‚
2252 3898 2363 3963 lux
2400 3897 2737 3964 doctorum
2754 3945 2774 3981 ,

1845 4002 2091 4085 praesul
2127 4002 2523 4086 beatissime,

1760 4124 1908 4169 nam
1951 4112 2017 4167 te
2061 4106 2336 4188 primum
2382 4112 2806 4187 venerantur,
2921 4108 3014 4172 40

1760 4217 1825 4272 te
1871 4208 2140 4272 ductore
2185 4215 2664 4290 consequantur

1758 4312 1986 4393 vitam,
2029 4312 2097 4376 in
2139 4331 2267 4394 qua
2311 4312 2674 4396 gloriantur

1846 4421 2183 4483 beatorum
2229 4421 2478 4484 animae.

579 4594 677 4647 Hs.
712 4609 784 4651 zu
816 4595 1093 4653 uuachun
1144 4597 1283 4657 olm.
1317 4600 1470 4657 4242.
1526 4597 1566 4654 f.
1605 4602 1677 4656 ’10
1728 4600 1830 4657 des
1868 4603 1935 4656 15
1971 4602 2169 4658 Jahrb.
2189 4643 2205 4673 ,
2269 4602 2363 4659 die
2408 4601 2573 4659 dm
2618 4601 3015 4659 verdorbeneu

400 4679 551 4739 Text
581 4676 792 4741 Ποῖα-ι.
