3175 5234
390 268 573 350 -418

613 462 883 538 varus.
956 464 1431 536 mmmmm

651 553 762 623 Τὴν
796 550 1017 629 πόρνην,
1046 541 1097 606 ω’
1130 549 1357 607 τάλαινα
2011 556 2241 627 delfines
2275 556 2340 610 δὲ
2374 563 2498 620 ταῖς
2534 559 2700 634 θριξὶ

649 637 806 713 ψυχή
841 658 970 712 μου,
1006 635 1106 693 οὐκ
1142 637 1447 712 attilam-ac,
2008 643 2116 697 τῶν
2151 639 2403 717 ἀρχαίων

645 727 764 799 ἥτις
799 726 1048 800 λαβοῦσα
2011 725 2360 799 ἐγκλημάτων

647 812 830 891 μύρου
863 812 926 868 τὸ
965 809 1313 889 ἀλάβαστρον
2011 815 2074 871 τὸ
2110 814 2491 892 χειρόγραφον

649 900 753 957 σὺν
791 899 1060 977 δάκρυσιν
1095 896 1285 974 ἤλειφε
2005 898 2299 973 ’‘lupinos-
2329 897 2480 974 αὐτῇ.

646 987 776 1051 τοὺς
811 986 995 1050 πόδας
1031 985 1129 1043 τοῦ
1164 992 1383 1063 κυρίου.

605 1072 672 1131 V.
710 1077 793 1130 15.
846 1072 1101 1147 ναμάτων
1135 1075 1453 1144 πλησθεῖσα
1489 1068 1771 1137 ζωοποιεῖν
1808 1070 1986 1147 πηγῆς
2021 1070 2083 1137 ἐξ
2119 1067 2406 1148 ἀφθόρου.
2458 1072 2570 1129 Jnl.
2607 1075 2701 1128 22.

1183 1356 1400 1431 1056.
1461 1354 1845 1454 Ejusdem,
1900 1355 1990 1426 ad
2042 1352 2306 1426 laudes.

438 1578 555 1644 Pie
600 1577 897 1644 Christus
941 1577 1112 1643 hanc
1156 1579 1450 1662 respexit
1793 1581 1941 1646 Non
1984 1582 2259 1664 agnovit
2302 1579 2563 1664 figurali

526 1680 801 1766 speciali
846 1679 1093 1763 gratia,
1879 1685 2187 1750 latentem
2233 1685 2544 1768 imagine,

328 1826 335 1829 -
440 1784 591 1868 quia
633 1783 897 1847 multum
944 1781 1090 1846 haec
1134 1781 1393 1865 dilexit,
1791 1787 2024 1850 mentis
2070 1787 2299 1869 agrum
2344 1784 2622 1870 spiritali
2989 1790 3055 1849 15

526 1887 928 1953 dimittuntur
972 1886 1222 1967 omnia3
1883 1890 2296 1955 excolentem
2340 1888 2616 1969 semine,

438 1989 711 2070 Christi,
756 1990 1015 2072 quando
1059 1990 1449 2069 resurrexit,
1649 1991 1688 2051 5
1793 1992 1913 2057 sed
1957 2012 2099 2058 cum
2146 2012 2289 2056 eam
2335 1991 2610 2075 speciali

522 2094 697 2159 facta
743 2102 846 2159 est
889 2095 1252 2178 pronuntia.
1881 2094 2256 2179 designavit
2298 2096 2573 2160 nomine.

439 2278 834 2348 Aestimavit
878 2279 1289 2345 hortulanum
1320 2342 1329 2349 ,
1794 2282 2016 2348 Gloria
2063 2291 2130 2348 et
2172 2283 2383 2349 honor
2429 2284 2577 2367 tibi,

524 2392 592 2449 et
634 2384 762 2450 hoc
805 2402 964 2447 sane
1010 2381 1317 2464 credidit,
1880 2402 2066 2468 spes,
2113 2385 2279 2468 vita,
2325 2386 2440 2449 lux
2484 2385 2761 2469 animae,
2984 2387 3056 2450 20

437 2489 798 2555 seminabat
843 2487 1012 2549 enim
1055 2505 1360 2566 granum,
1791 2508 1915 2572 per
1959 2506 2149 2569 quem
2195 2495 2467 2571 sperant
2509 2505 2586 2550 se
2631 2488 2998 2570 praescribi

523 2589 697 2675 quod
740 2590 807 2653 in
851 2596 1130 2653 mentem
1176 2588 1444 2670 cecidit,
1605 2591 1685 2653 10
1878 2590 2045 2655 libro
2091 2592 2318 2656 mortis
2362 2590 2699 2675 pessimae,
3145 2644 3146 2649 ,

437 2695 722 2778 linguam
769 2693 952 2759 novit
995 2700 1062 2756 et
1106 2709 1235 2756 non
1282 2711 1567 2775 manum,
1788 2701 2105 2777 praestent
2149 2694 2273 2757 sibi
2316 2710 2436 2757 nos
2482 2693 2819 2758 conscribi

519 2798 742 2878 lingua
788 2795 1060 2861 Jhesum
1104 2793 1348 2858 indidit.
1876 2796 2262 2878 peccatricis
2307 2795 2611 2860 lacrimae.

571 2981 669 3037 Hs.
706 2997 778 3035 zu
811 2980 1089 3052 Freiburg
1126 2980 1228 3036 No.
1264 2981 1350 3035 56.
1388 2982 1454 3033 15
1492 2979 1690 3036 Jahn-h.
1743 2979 1867 3049 (F).
1940 2980 2042 3034 Bei
2079 2978 2429 3036 Bel-nardino
2466 2995 2520 3034 v.
2554 2979 2737 3036 Sioua
2773 2999 2956 3039 serm.
2987 2982 3052 3039 ⁴⁶

434 3069 560 3140 (Β).
602 3069 677 3123 ad
712 3074 862 3124 noct.

605 3191 709 3246 Die
743 3193 871 3248 Hss.
909 3191 1020 3247 und
1057 3191 1365 3264 Ausgabcn
1401 3192 1501 3246 (les
1541 3190 1782 3264 vorigen
1817 3190 2016 3245 Liedes
2053 3189 2236 3245 haben
2274 3190 2427 3245 ‹liese
2465 3195 2620 3247 erste
2655 3191 2934 3263 strophe
2967 3192 3052 3248 ah

427 3279 610 3334 vierte
646 3295 760 3334 von
795 3280 904 3336 No.
944 3280 1100 3334 1055.

602 3369 632 3420 1
674 3368 968 3439 prospexit
1000 3370 1068 3422 A.
1122 3371 1157 3421 2
1194 3366 1440 3437 spiritali
1474 3368 1541 3420 A.
1597 3367 1633 3420 3
1670 3366 1815 3421 hanc
1851 3366 1960 3434 AF,
1998 3368 2145 3421 hunc
2180 3366 2293 3422 BD.
2351 3367 2385 3419 4
2413 3365 2647 3421 crimina
2676 3372 2749 3421 st.
2779 3367 3056 3434 omniaB,

427 3454 570 3510 vitia
620 3454 702 3523 D,
775 3454 948 3509 damit
997 3454 1076 3509 ist
1128 3455 1231 3509 der
1279 3454 1596 3524 Gegensatz
1643 3470 1715 3506 zu
1764 3452 1996 3507 multum
2044 3453 2370 3508 verwischt.
2478 3455 2513 3507 9
2566 3454 2891 3510 seminavit
2945 3455 3053 3511 DB.

429 3542 501 3593 10
533 3546 715 3596 mento
752 3541 816 3596 B.
890 3544 954 3595 11
994 3541 1172 3598 movit
1206 3541 1268 3596 B.
1342 3543 1411 3595 12
1448 3539 1702 3612 linguam
1729 3539 1987 3596 Christus
2024 3541 2086 3609 D,
2124 3540 2280 3595 nicht
2314 3544 2433 3612 gut,
2470 3539 2617 3595 denn
2650 3539 2868 3612 lingua
2905 3543 3057 3599 steht

428 3621 523 3685 ssu·
558 3643 685 3682 vox.

663 3927 882 4003 1057..
951 3927 1282 4027 Hymnus
1337 3924 1424 3998 dc
1478 3952 1533 3999 s.
1576 3927 1807 4000 Maria
1860 3925 2310 4026 Magdalena.
2391 3925 2484 3998 ad
2530 3927 2838 3998 tertiam.

425 4149 636 4219 Jhesu
679 4148 941 4215 Christe
962 4198 981 4234 ,
1024 4155 1254 4215 auctor
1297 4150 1484 4233 vitae,
1779 4149 2137 4215 Pretiosam
2184 4149 2602 4230 margaritam

511 4253 623 4336 qui
662 4253 729 4316 in
773 4259 888 4316 tuo
931 4250 1249 4333 sanguine
1797 4289 1806 4295 -
1866 4251 2249 4334 stellamque
2295 4250 2718 4316 clarissimam

429 4362 771 4440 peccatum
812 4355 1051 4420 lavasti
1095 4352 1298 4440 Adae,
1780 4374 1924 4422 eam
1964 4355 2199 4420 locasti
2242 4355 2305 4419 in
2351 4373 2505 4421 arce

511 4457 742 4521 Marias
783 4457 1201 4541 Magdalenae
1866 4459 2153 4524 uranicae
2197 4458 2429 4541 curiae,
2975 4459 3051 4521 10

424 4558 703 4625 tribuisti
744 4561 1095 4627 salutarem
1633 4565 1673 4627 5
1778 4559 2074 4646 utjesset
2119 4560 2388 4626 evidens
2433 4568 2565 4625 tuae

511 4665 791 4732 fructum
834 4668 1252 4751 poenitentiae.
1866 4665 2233 4751 exemplum
2278 4664 2662 4732 clementiae.
