3175 5234
2648 287 2795 385 ⁴¹³21

166 499 386 567 Vitam
430 517 575 566 cum
618 504 827 563 matre
869 495 1132 581 pietatis
1424 521 1431 528 ·
1534 497 1737 577 Quem
1778 518 1904 585 pro
1946 501 2134 567 uobis
2179 500 2541 587 deprecare
2560 550 2580 588 ,

73 623 78 628 ·
168 603 410 669 duxisti
454 609 522 666 et
562 600 988 686 perennitatis
1535 609 1610 666 ut
1651 603 1717 665 in
1762 601 1924 668 hora
1966 604 2191 668 mortis
2237 604 2415 670 clare

253 704 563 770 heredem
607 706 717 789 pie
762 703 1015 770 donasti
1033 750 1051 780 ‚
1619 703 1747 767 tuis
1790 705 2096 787 precibus
2141 705 2526 790 adjuvemur
2546 759 2564 792 ,
2705 711 2788 774 1⁵

164 895 243 960 Iu
286 893 636 960 subsidium
678 894 1084 978 paupertatis
1336 893 1418 956 10
1522 890 1739 957 Finita
1783 894 1921 959 vita
1964 894 2300 979 hospitare

165 998 413 1062 intrans
459 996 807 1062 claustrum
851 995 1192 1078 claritatis,
1522 1014 1668 1061 cum
1706 995 1916 1062 Jhesu
1963 996 2224 1063 Christo
2270 1008 2337 1064 et
2383 1019 2675 1068 coenare*

252 1100 320 1164 in
365 1116 491 1182 quo
539 1097 798 1163 Christo
843 1099 1210 1180 famulasti3
1511 1131 1517 1138 -
1608 1106 1677 1163 et
1711 1116 1853 1163 cum
1899 1098 2124 1164 electis
2170 1101 2583 1182 gratulemur.

343 1282 607 1352 Pap.-Hs.
638 1298 751 1337 von
787 1282 1107 1337 Reichenau
1145 1300 1215 1337 zu
1252 1282 1565 1339 Karlsruhe
1612 1283 1718 1339 No.
1758 1285 1845 1338 36.
1883 1282 1968 1339 Bl.
2004 1285 2126 1339 2⁰7.
2174 1301 2276 1340 aus
2312 1283 2436 1342 dem
2474 1289 2540 1341 15
2574 1287 2760 1344 Jahrb

167 1370 317 1425 ohne
353 1368 698 1440 Abtheilung
732 1367 831 1424 der
867 1367 1045 1425 verse
1084 1370 1196 1424 und
1230 1369 1540 1441 Strophen.

1133 1652 1308 1726 949.
1390 1652 1509 1725 De
1560 1652 1823 1727 eadem.

167 1851 322 1919 Ave
367 1852 738 1935 Gertrudis,
781 1854 975 1936 virgo
1020 1861 1245 1936 grata,
1523 1853 1578 1919 0
1623 1856 1814 1939 virgo
1859 1857 2356 1939 misericordiae,

169 1977 254 2020 ex
297 1956 510 2038 regali
554 1956 756 2039 stirpe
801 1964 981 2037 nata,
1521 1956 1799 2021 feliciter
1844 1975 1962 2022 ora

165 2058 469 2141 leprosos
513 2055 830 2121 mundare
867 2074 1000 2121 non
1043 2057 1348 2141 sprevisti
1521 2057 1792 2123 Jhesum
1836 2058 2069 2124 Mariae
2113 2057 2346 2142 filium,

169 2160 255 2223 ol)
300 2174 582 2222 amorem
627 2157 836 2222 Jhesu
882 2156 1156 2248 Christi,
1521 2165 1593 2222 ut
1636 2159 1823 2222 nobis
1870 2158 1983 2223 det
2026 2162 2329 2226 auxilium

168 2261 363 2328 caecis
406 2262 576 2325 viam
621 2261 1110 2344 demonstrasti,
1376 2265 1414 2325 5
1524 2261 1874 2342 benignum
1916 2269 1986 2326 et
2029 2263 2375 2347 hospitium

164 2380 491 2448 pauperes
538 2369 605 2426 et
648 2363 856 2427 nudos
903 2363 1273 2447 collocasti,
1522 2382 1694 2428 nunc
1739 2372 1805 2429 et
1850 2365 1916 2429 in
1959 2375 2345 2450 perpetuum

254 2466 484 2548 quibus
529 2473 598 2530 tu
642 2465 926 2548 hospitia
1606 2468 1673 2531 in
1725 2486 1843 2533 suo
1888 2469 2134 2558 palatio

256 2567 491 2633 dedisti
533 2570 931 2633 suavissima.
1611 2590 1753 2636 cum
1789 2580 2037 2636 aeterno
2083 2572 2341 2657 gaudio.

339 2753 603 2808 Daselbst
639 2754 767 2824 (R),
806 2756 951 2810 auch
985 2755 1058 2809 im
1095 2753 1368 2809 Hortalus
1404 2754 1604 2810 animae
1640 2756 1726 2811 Bl.
1764 2759 1867 2810 135
1903 2757 2033 2827 (H).

349 2877 388 2929 4
423 2876 539 2932 Jes.
577 2872 723 2930 fehlt
756 2876 819 2930 R.
923 2878 958 2931 6
1009 2883 1068 2934 et
1104 2874 1249 2932 fehlt
1281 2878 1346 2932 R.
1454 2881 1489 2931 7
1544 2882 1607 2933 tu
1642 2875 1786 2942 fehlt
1819 2880 1881 2933 R.
1988 2882 2024 2935 9
2060 2882 2179 2940 mis.
2216 2881 2362 2939 fehlt
2394 2882 2461 2938 Η.

163 2964 389 3020 Reimes
423 2978 627 3035 wegen
662 2962 836 3018 sollte
874 2966 1018 3019 nach
1055 2981 1161 3020 ora
1196 2969 1348 3020 etwa
1379 2964 1473 3037 pie
1510 2965 1722 3020 stehen.
1798 2968 1865 3020 14
1892 2963 2037 3021 fehlt
2072 2967 2136 3022 R.

806 3248 980 3321 950.
1047 3245 1397 3320 Gereonis
1457 3260 1526 3322 et
1579 3250 1930 3321 sociorum
1979 3249 2149 3347 ejus.

162 3460 502 3543 MaJ’estati
544 3469 982 3526 sacrosanctae
1134 3484 1138 3488 ·
1226 3472 1230 3476 '
1524 3460 1722 3529 Cives
1766 3462 1995 3528 domus
2039 3461 2396 3530 Pharaonis

161 3563 447 3629 militans
490 3583 633 3628 cum
680 3566 1109 3649 triumphante
1526 3568 1851 3633 civitatem
1895 3569 2166 3633 visionis

246 3667 485 3750 jubilet
528 3668 806 3732 ecclesia
1610 3672 1874 3737 visitant
1914 3679 1982 3736 et
2023 3673 2406 3758 praesulem,

163 3770 256 3834 de
299 3769 621 3853 triumpho
669 3769 1094 3838 Thebaeorum
1526 3795 1567 3839 a
1607 3793 1734 3858 quo
1779 3777 1952 3842 sacri
1995 3778 2369 3843 catechismi

165 3881 240 3937 et
283 3873 491 3937 salute
534 3882 949 3957 peccatorum
1327 3881 1330 3884 '
1377 3879 1417 3940 5
1528 3879 1946 3946 sacramentis
1991 3887 2059 3966 et
2103 3881 2404 3964 baptismi

252 3994 377 4058 per
420 3975 650 4043 horum
694 3977 1025 4060 suffragia.
1613 3965 1980 4047 imbuuntur
2024 3983 2255 4064 gratia.

165 4165 256 4233 ni
297 4174 447 4231 sunt
486 4167 610 4231 'viri
656 4169 1060 4250 testamenti,
1525 4170 1753 4235 Romae
1797 4169 1928 4234 fide
1973 4167 2364 4250 confirmati,

165 4269 282 4352 qui
324 4270 571 4336 ruinam
616 4269 981 4336 detrimenti
1530 4279 1747 4342 castra
1789 4280 2053 4336 movent
2094 4270 2378 4335 comitati

253 4380 569 4456 reparant
616 4375 924 4456 angelici,
1299 4433 1305 4439 .
1614 4375 2049 4458 Romanorum
2092 4371 2372 4454 aquilas:

167 4473 298 4537 viri
343 4475 547 4539 fortes
591 4478 733 4539 veri
778 4475 1019 4558 David,
1340 4479 1419 4541 10
1530 4475 1631 4542 dis
1675 4477 1967 4562 profanis
2012 4473 2347 4539 immolare

174 4578 406 4659 quibus
450 4576 673 4642 hostes
720 4576 1121 4663 expugnavit
1356 4627 1372 4639 .
1520 4581 1713 4666 jubet
1754 4598 1963 4645 caesar
2009 4587 2077 4644 et
2118 4595 2366 4643 vocare

260 4700 552 4765 carnem,
598 4684 930 4768 mundum,
978 4685 1353 4750 daemonem.
1618 4685 2048 4768 Thebaeorum
2096 4684 2370 4769 agmina.

262 4813 435 4869 Motae,
467 4815 642 4860 lateln.
674 4817 922 4872 llymnen.
963 4818 1050 4863 111.
2285 4786 2371 4848 2¹*

2693 1963 2779 2029 1⁰

2693 2475 2776 2536 15

2571 2873 2778 2939 mdes

2694 3675 2778 3738 15

2695 4272 2783 4335 20
