3175 5234
2692 267 2823 333 166

395 438 433 492 6
468 436 610 492 dest.
647 434 794 492 fehlt
827 436 885 491 in
923 437 975 491 A
992 476 1010 506 ,
1063 436 1429 494 destinandos
1484 440 1544 497 Ο.
1627 444 1698 495 22
1733 442 2183 513 praemunivisset
2216 445 2340 514 Bo,
2394 445 2634 502 incautis
2668 462 2823 520 supe

81 595 86 599 ⁸
195 523 450 580 evenire
485 539 676 595 proem.
713 524 775 581 Ο.
846 526 920 579 24
953 523 1232 581 malornm
1266 525 1375 583 Bc.
1446 528 1517 582 37
1561 528 1709 583 ohne
1744 528 1963 584 Absatz
1996 530 2052 589 in
2088 531 2150 587 G.
2220 532 2290 586 39
2329 532 2422 588 dei
2455 532 2565 590 Bc.

636 805 808 880 746.
882 807 999 878 De
1043 805 1364 905 pluribus
1411 808 1956 882 confessoribus.
2015 812 2401 909 sequentia.

194 1025 328 1092 Hic
380 1027 587 1092 oculis
632 1043 714 1091 ac
755 1026 1049 1091 mam'bus
1568 1027 1776 1111 Igitur
1818 1036 1882 1093 te
1929 1029 2142 1093 cuncti

193 1129 267 1192 in
316 1127 561 1192 coelum
1568 1131 1927 1214 poscimus,
1974 1148 2015 1194 o
2057 1129 2166 1211 N.‚

196 1236 269 1292 et
317 1230 482 1293 totis
526 1227 774 1292 viribus
1568 1240 1640 1298 ut
1685 1234 1792 1316 qui
1835 1233 2035 1298 multa
2076 1234 2239 1299 mira

196 1347 571 1413 suspensus
1567 1335 1676 1401 hic
1718 1336 2055 1401 ostendisti
2073 1385 2091 1421 ,

196 1440 478 1497 terrena
522 1439 753 1497 cuncta
798 1432 1049 1516 respuit
1061 1452 1079 1514 3
1421 1435 1462 1498 ὅ

1566 1523 1780 1588 Etiam
1832 1522 1914 1586 de
1961 1524 2128 1587 coelo
2736 1525 2814 1589 15

197 1620 374 1706 Ejus
423 1621 523 1685 ori
564 1639 889 1701 nunquam
1567 1626 1844 1708 gratiam
1889 1623 2131 1689 Christi

199 1722 512 1788 Christus
557 1723 794 1804 abfuit,
1565 1729 1755 1793 nobis
1802 1730 2168 1813 supplicatu

199 1825 350 1890 sive
389 1825 684 1910 justitia,
1567 1837 1679 1895 tuo
1725 1849 1987 1914 semper
2027 1831 2345 1897 infundas.

200 1929 316 1993 vel
364 1928 679 2011 quidquid
725 1926 809 1992 ad
853 1945 1078 1992 veram

205 2033 416 2097 vitam
458 2033 758 2115 pertinet.
1384 2032 1464 2095 10

389 2180 502 2271 Hs..
541 2216 637 2272 dee
691 2216 1071 2272 historischen
1117 2214 1354 2270 Vereins
1399 2230 1471 2269 zu
1518 2212 1889 2288 Klagenfurt‚
1947 2220 2014 2272 15
2049 2216 2246 2274 Jahrb.
2330 2216 2490 2273 Nach
2522 2220 2558 2272 2
2593 2217 2709 2274 und
2745 2219 2812 2272 16

201 2304 411 2359 utehen
437 2304 673 2374 Paulae,
710 2303 800 2358 die
837 2304 1049 2359 andern
1076 2302 1255 2358 Verso
1290 2303 1418 2358 sind
1451 2303 1607 2359 nicht
1632 2304 1961 2376 abgetheilt,
1998 2304 2242 2361 sondern
2269 2321 2374 2360 nur
2400 2305 2491 2361 die
2508 2303 2811 2377 Strophen.

998 2622 1169 2696 747.
1248 2622 1366 2694 De
1417 2647 1559 2695 uno
1614 2620 2041 2695 confessore.

203 2840 386 2908 Anni
434 2861 704 2909 recurso
748 2850 1043 2926 tempore
1564 2843 1993 2908 confessionis
2041 2844 2306 2925 ordine,

201 2945 350 3011 dies
394 2946 635 3010 reluxit
678 2946 945 3025 lumine,
1553 2943 1787 3028 jejuna
1832 2945 2118 3008 membra
2164 2944 2470 3009 deferens
2729 2944 2808 3006 15

201 3066 334 3130 quo
371 3057 635 3128 sanctus
682 3048 787 3114 hic
833 3048 915 3112 de
962 3065 1241 3130 corpore
1563 3047 1769 3130 dapes
1813 3066 2131 3130 supernas
2178 3047 2442 3110 obtinet.

198 3151 427 3234 polum
469 3150 775 3232 migravit
813 3157 1210 3234 praepotens.

1560 3289 1717 3355 Plus
1761 3287 1962 3352 currit
2001 3287 2067 3351 in
2115 3286 2466 3351 certamine

1561 3392 1898 3458 confessor
1938 3392 2065 3455 iste
2109 3389 2429 3454 sustinens

1561 3514 1752 3577 quam
1797 3501 2045 3577 martyr
2088 3492 2282 3559 ictum
2325 3492 2642 3557 sufferens
2661 3539 2680 3575 ‚

1559 3615 1866 3662 mucrone
1911 3597 2190 3662 fundens
2236 3597 2635 3678 sanguinem.
2724 3595 2810 3661 2⁰

199 3337 327 3403 Hic
371 3356 546 3401 vana
590 3344 790 3401 terrae
836 3335 1078 3419 gaudia
1415 3340 1456 3403 ὅ

201 3448 269 3506 et
315 3439 635 3505 lutulenta
677 3438 930 3522 praedia

200 3543 458 3628 poliuta
505 3550 740 3608 cuncta
782 3542 1136 3627 deputans,

201 3664 413 3711 ovans
457 3652 637 3710 tenet
680 3647 988 3712 coelestia.

204 3832 331 3916 Te,
381 3833 673 3917 Christe,
719 3854 839 3898 rex
882 3834 1168 3918 piissime
1188 3883 1206 3918 ‚
1559 3807 1841 3874 Pr⁰i¹¹d0
1881 3816 1978 3892 ἴθ’
2023 3810 2341 3894 ΡῙῙΒΒῘΜΒ,

202 3936 307 4003 hie
352 3936 722 4002 confitendo
760 3937 1013 4021 jugiter
1373 3941 1453 4004 10
1557 3929 1902 3995 ΡΓθθθῐΠῑΠ·
1946 3931 2169 3978 ⁰¹¹¹¹¹0⁸
2216 3914 2547 3997 ⁸⁵¹¹Plffisses
2564 3960 2582 3995 ν

202 4039 486 4103 calcavit
533 4040 784 4103 hostem
831 4040 1087 4106 fortiter
1299 4088 1308 4097 .
1559 4023 1632 4080 ut
1674 4015 1865 4100 hujus
1912 4016 2064 4080 1111111
2106 4016 2322 4099 gratia
2380 4030 2389 4033 ’

204 4145 555 4227 superbum
601 4163 680 4209 30
724 4146 1086 4211 satellitem
1557 4118 1746 4181 nobis
1788 4119 2078 4181 remittas
2124 4116 2358 4180 debita.

201 4329 527 4396 Virtutum
575 4343 720 4399 actu
768 4344 836 4400 et
879 4335 1039 4418 fide,
1560 4331 1785 4398 Gloria
1829 4334 1944 4398 tibi
1988 4341 2109 4398 etc.

379 4541 478 4594 Hs.
517 4557 631 4596 von
666 4542 726 4597 S.
763 4542 937 4596 Peter
982 4558 1051 4597 zu
1087 4542 1430 4611 Karlsrnhe‚
1484 4544 1551 4595 15
1586 4540 1785 4596 Jahrb.
1843 4540 1944 4595 mit
1993 4538 2094 4594 der
2129 4539 2370 4596 melodie
2421 4538 2535 4594 und
2567 4539 2669 4594 der
2704 4537 2811 4594 Be-

203 4625 509 4700 merkung:
546 4629 784 4701 Ruperti
821 4630 1069 4701 abbatis,
1107 4632 1263 4687 Petri
1297 4627 1567 4702 episcopi,
1602 4626 1857 4699 Remigii,
1895 4626 2267 4684 translatione
2295 4643 2340 4682 s.
2368 4624 2657 4682 Benedicti
2694 4640 2808 4681 non
