<?xml version="1.0" encoding="UTF-8"?>
<!DOCTYPE html PUBLIC "-//W3C//DTD XHTML 1.0 Transitional//EN"
    "http://www.w3.org/TR/xhtml1/DTD/xhtml1-transitional.dtd">
<html xmlns="http://www.w3.org/1999/xhtml" xml:lang="en" lang="en">
 <head>
  <title>
</title>
<meta http-equiv="Content-Type" content="text/html;charset=utf-8" />
  <meta name='ocr-system' content='tesseract 3.04.00' />
  <meta name='ocr-capabilities' content='ocr_page ocr_carea ocr_par ocr_line ocrx_word'/>
</head>
<body>
  <div class='ocr_page' id='page_1' title='image "./lateinischehymn04monegoog_0049.png"; bbox 0 0 3175 5234; ppageno 0'>
   <div class='ocr_carea' id='block_1_1' title="bbox 179 452 1129 744">
    <p class='ocr_par' dir='ltr' id='par_1_1' title="bbox 179 452 1129 744">
     <span class='ocr_line' id='line_1_1' title="bbox 182 452 1129 540; baseline -0.006 -19"><span class='ocrx_word' id='word_1_1' title='bbox 182 454 554 540; x_wconf 80' lang='lat' dir='ltr'>sapphirus</span> <span class='ocrx_word' id='word_1_2' title='bbox 601 453 801 519; x_wconf 84' lang='lat' dir='ltr'>habet</span> <span class='ocrx_word' id='word_1_3' title='bbox 846 452 1129 536; x_wconf 89' lang='lat' dir='ltr'>speciem</span> 
     </span>
     <span class='ocr_line' id='line_1_2' title="bbox 179 556 1061 638; baseline -0.008 -13"><span class='ocrx_word' id='word_1_4' title='bbox 179 560 436 625; x_wconf 82' lang='lat' dir='ltr'>coelesti</span> <span class='ocrx_word' id='word_1_5' title='bbox 479 558 713 625; x_wconf 84' lang='lat' dir='ltr'><strong>throno</strong></span> <span class='ocrx_word' id='word_1_6' title='bbox 756 556 1023 621; x_wconf 77' lang='lat' dir='ltr'>similem</span> <span class='ocrx_word' id='word_1_7' title='bbox 1041 601 1061 638; x_wconf 87' lang='lat'>,</span> 
     </span>
     <span class='ocr_line' id='line_1_3' title="bbox 179 657 1069 744; baseline -0.003 -19"><span class='ocrx_word' id='word_1_8' title='bbox 179 660 485 744; x_wconf 85' lang='lat' dir='ltr'>designat</span> <span class='ocrx_word' id='word_1_9' title='bbox 529 679 645 727; x_wconf 91' lang='lat' dir='ltr'>cor</span> <span class='ocrx_word' id='word_1_10' title='bbox 689 657 1069 742; x_wconf 84' lang='lat' dir='ltr'>simplicium</span> 
     </span>
    </p>
   </div>
   <div class='ocr_carea' id='block_1_2' title="bbox 178 758 1245 850">
    <p class='ocr_par' dir='ltr' id='par_1_2' title="bbox 178 758 1245 850">
     <span class='ocr_line' id='line_1_4' title="bbox 178 758 1245 850; baseline -0.007 -20"><span class='ocrx_word' id='word_1_11' title='bbox 178 785 368 850; x_wconf 82' lang='lat' dir='ltr'>spem</span> <span class='ocrx_word' id='word_1_12' title='bbox 411 772 655 831; x_wconf 87' lang='lat' dir='ltr'>certam</span> <span class='ocrx_word' id='word_1_13' title='bbox 699 758 1210 846; x_wconf 72' lang='lat' dir='ltr'>praestolantium</span> <span class='ocrx_word' id='word_1_14' title='bbox 1227 806 1245 840; x_wconf 90' lang='lat'>,</span> 
     </span>
    </p>
   </div>
   <div class='ocr_carea' id='block_1_3' title="bbox 177 864 1004 1037">
    <p class='ocr_par' dir='ltr' id='par_1_3' title="bbox 177 864 1004 1037">
     <span class='ocr_line' id='line_1_5' title="bbox 179 864 987 952; baseline -0.006 -18"><span class='ocrx_word' id='word_1_15' title='bbox 179 886 455 952; x_wconf 88' lang='lat' dir='ltr'>quorum</span> <span class='ocrx_word' id='word_1_16' title='bbox 496 868 634 931; x_wconf 80' lang='lat' dir='ltr'>vita</span> <span class='ocrx_word' id='word_1_17' title='bbox 679 864 987 949; x_wconf 84' lang='lat' dir='ltr'>operibus</span> 
     </span>
     <span class='ocr_line' id='line_1_6' title="bbox 177 968 1004 1037; baseline -0.007 0"><span class='ocrx_word' id='word_1_18' title='bbox 177 972 545 1037; x_wconf 77' lang='lat' dir='ltr'><strong>delectatur</strong></span> <span class='ocrx_word' id='word_1_19' title='bbox 590 978 658 1033; x_wconf 90' lang='lat' dir='ltr'>et</span> <span class='ocrx_word' id='word_1_20' title='bbox 699 968 1004 1033; x_wconf 88' lang='lat' dir='ltr'>moribus.</span> 
     </span>
    </p>
   </div>
   <div class='ocr_carea' id='block_1_4' title="bbox 168 1177 1063 1765">
    <p class='ocr_par' dir='ltr' id='par_1_4' title="bbox 168 1177 1063 1765">
     <span class='ocr_line' id='line_1_7' title="bbox 174 1177 1012 1268; baseline -0.012 -17"><span class='ocrx_word' id='word_1_21' title='bbox 174 1181 659 1251; x_wconf 72' lang='lat' dir='ltr'>Chalcedonius</span> <span class='ocrx_word' id='word_1_22' title='bbox 702 1177 1012 1268; x_wconf 80' lang='lat' dir='ltr'>pallidam</span> 
     </span>
     <span class='ocr_line' id='line_1_8' title="bbox 168 1282 953 1372; baseline -0.013 -19"><span class='ocrx_word' id='word_1_23' title='bbox 168 1289 348 1372; x_wconf 87' lang='lat' dir='ltr'>iguis</span> <span class='ocrx_word' id='word_1_24' title='bbox 390 1286 590 1350; x_wconf 90' lang='lat' dir='ltr'>habet</span> <span class='ocrx_word' id='word_1_25' title='bbox 634 1282 953 1365; x_wconf 84' lang='lat' dir='ltr'>effigiem,</span> 
     </span>
     <span class='ocr_line' id='line_1_9' title="bbox 171 1385 970 1470; baseline -0.01 -14"><span class='ocrx_word' id='word_1_26' title='bbox 171 1388 524 1456; x_wconf 75' lang='lat' dir='ltr'>subrutilat</span> <span class='ocrx_word' id='word_1_27' title='bbox 566 1388 633 1451; x_wconf 93' lang='lat' dir='ltr'>in</span> <span class='ocrx_word' id='word_1_28' title='bbox 675 1385 970 1470; x_wconf 87' lang='lat' dir='ltr'>publico,</span> 
     </span>
     <span class='ocr_line' id='line_1_10' title="bbox 168 1485 1063 1576; baseline -0.012 -16"><span class='ocrx_word' id='word_1_29' title='bbox 168 1494 502 1576; x_wconf 78' lang='lat' dir='ltr'>fulgorem</span> <span class='ocrx_word' id='word_1_30' title='bbox 546 1490 661 1555; x_wconf 92' lang='lat' dir='ltr'>dat</span> <span class='ocrx_word' id='word_1_31' title='bbox 706 1489 768 1552; x_wconf 89' lang='lat' dir='ltr'>in</span> <span class='ocrx_word' id='word_1_32' title='bbox 813 1485 1063 1567; x_wconf 87' lang='lat' dir='ltr'>nubilo,</span> 
     </span>
     <span class='ocr_line' id='line_1_11' title="bbox 171 1590 985 1661; baseline -0.012 1"><span class='ocrx_word' id='word_1_33' title='bbox 171 1598 483 1661; x_wconf 89' lang='lat' dir='ltr'>virtutem</span> <span class='ocrx_word' id='word_1_34' title='bbox 526 1594 657 1658; x_wconf 80' lang='lat' dir='ltr'>fert</span> <span class='ocrx_word' id='word_1_35' title='bbox 701 1590 985 1656; x_wconf 86' lang='lat' dir='ltr'>fidelium</span> 
     </span>
     <span class='ocr_line' id='line_1_12' title="bbox 174 1694 940 1765; baseline -0.012 0"><span class='ocrx_word' id='word_1_36' title='bbox 174 1700 439 1765; x_wconf 89' lang='lat' dir='ltr'>occulte</span> <span class='ocrx_word' id='word_1_37' title='bbox 482 1694 940 1762; x_wconf 80' lang='lat' dir='ltr'>famulantium.</span> 
     </span>
    </p>
   </div>
   <div class='ocr_carea' id='block_1_5' title="bbox 171 1905 1138 2295">
    <p class='ocr_par' dir='ltr' id='par_1_5' title="bbox 171 1905 1138 2195">
     <span class='ocr_line' id='line_1_13' title="bbox 172 1905 1138 1994; baseline -0.011 -16"><span class='ocrx_word' id='word_1_38' title='bbox 172 1910 584 1994; x_wconf 84' lang='lat' dir='ltr'>Smaragdas</span> <span class='ocrx_word' id='word_1_39' title='bbox 620 1909 840 1974; x_wconf 83' lang='lat' dir='ltr'>virens</span> <span class='ocrx_word' id='word_1_40' title='bbox 877 1905 1138 1971; x_wconf 90' lang='lat' dir='ltr'>nimium</span> 
     </span>
     <span class='ocr_line' id='line_1_14' title="bbox 171 2010 996 2093; baseline -0.01 -14"><span class='ocrx_word' id='word_1_41' title='bbox 171 2014 293 2079; x_wconf 86' lang='lat' dir='ltr'>dat</span> <span class='ocrx_word' id='word_1_42' title='bbox 336 2013 553 2077; x_wconf 90' lang='lat' dir='ltr'>lumen</span> <span class='ocrx_word' id='word_1_43' title='bbox 597 2010 996 2093; x_wconf 82' lang='lat' dir='ltr'>oleaginum,</span> 
     </span>
     <span class='ocr_line' id='line_1_15' title="bbox 173 2111 954 2195; baseline -0.012 -14"><span class='ocrx_word' id='word_1_44' title='bbox 173 2125 280 2181; x_wconf 89' lang='lat' dir='ltr'>est</span> <span class='ocrx_word' id='word_1_45' title='bbox 324 2113 493 2178; x_wconf 85' lang='lat' dir='ltr'>fides</span> <span class='ocrx_word' id='word_1_46' title='bbox 539 2111 954 2195; x_wconf 85' lang='lat' dir='ltr'>integerrima</span> 
     </span>
    </p>

    <p class='ocr_par' dir='ltr' id='par_1_6' title="bbox 175 2210 1084 2295">
     <span class='ocr_line' id='line_1_16' title="bbox 175 2210 1084 2295; baseline -0.01 -12"><span class='ocrx_word' id='word_1_47' title='bbox 175 2217 264 2283; x_wconf 88' lang='lat' dir='ltr'>ad</span> <span class='ocrx_word' id='word_1_48' title='bbox 312 2233 502 2281; x_wconf 80' lang='lat' dir='ltr'>omne</span> <span class='ocrx_word' id='word_1_49' title='bbox 546 2216 785 2280; x_wconf 90' lang='lat' dir='ltr'>bonum</span> <span class='ocrx_word' id='word_1_50' title='bbox 829 2210 1084 2295; x_wconf 86' lang='lat' dir='ltr'>patula,</span> 
     </span>
    </p>
   </div>
   <div class='ocr_carea' id='block_1_6' title="bbox 176 2311 1192 2401">
    <p class='ocr_par' dir='ltr' id='par_1_7' title="bbox 176 2311 1192 2401">
     <span class='ocr_line' id='line_1_17' title="bbox 176 2311 1192 2401; baseline -0.009 -17"><span class='ocrx_word' id='word_1_51' title='bbox 176 2338 329 2401; x_wconf 82' lang='lat' dir='ltr'>quae</span> <span class='ocrx_word' id='word_1_52' title='bbox 374 2334 698 2398; x_wconf 88' lang='lat' dir='ltr'>nunquam</span> <span class='ocrx_word' id='word_1_53' title='bbox 743 2314 865 2378; x_wconf 88' lang='lat' dir='ltr'>scit</span> <span class='ocrx_word' id='word_1_54' title='bbox 908 2311 1192 2379; x_wconf 84' lang='lat' dir='ltr'>deficere</span> 
     </span>
    </p>
   </div>
   <div class='ocr_carea' id='block_1_7' title="bbox 175 2417 795 2504">
    <p class='ocr_par' dir='ltr' id='par_1_8' title="bbox 175 2417 795 2504">
     <span class='ocr_line' id='line_1_18' title="bbox 175 2417 795 2504; baseline -0.013 -19"><span class='ocrx_word' id='word_1_55' title='bbox 175 2441 217 2485; x_wconf 92' lang='lat' dir='ltr'>a</span> <span class='ocrx_word' id='word_1_56' title='bbox 260 2417 530 2504; x_wconf 88' lang='lat' dir='ltr'>pietatis</span> <span class='ocrx_word' id='word_1_57' title='bbox 575 2433 795 2499; x_wconf 90' lang='lat' dir='ltr'>opere.</span> 
     </span>
    </p>
   </div>
   <div class='ocr_carea' id='block_1_8' title="bbox 173 2628 1263 2717">
    <p class='ocr_par' dir='ltr' id='par_1_9' title="bbox 173 2628 1263 2717">
     <span class='ocr_line' id='line_1_19' title="bbox 173 2628 1263 2717; baseline -0.008 -17"><span class='ocrx_word' id='word_1_58' title='bbox 173 2632 535 2717; x_wconf 82' lang='lat' dir='ltr'>Sardonyx</span> <span class='ocrx_word' id='word_1_59' title='bbox 579 2638 884 2696; x_wconf 79' lang='lat' dir='ltr'>constans</span> <span class='ocrx_word' id='word_1_60' title='bbox 899 2676 916 2711; x_wconf 89' lang='lat'>,</span> <span class='ocrx_word' id='word_1_61' title='bbox 965 2628 1263 2711; x_wconf 89' lang='lat' dir='ltr'>tricolor,</span> 
     </span>
    </p>
   </div>
   <div class='ocr_carea' id='block_1_9' title="bbox 172 2733 1120 3228">
    <p class='ocr_par' dir='ltr' id='par_1_10' title="bbox 172 2733 1120 3228">
     <span class='ocr_line' id='line_1_20' title="bbox 172 2733 979 2814; baseline -0.011 -9"><span class='ocrx_word' id='word_1_62' title='bbox 172 2741 375 2804; x_wconf 90' lang='lat' dir='ltr'>homo</span> <span class='ocrx_word' id='word_1_63' title='bbox 420 2737 629 2801; x_wconf 79' lang='lat' dir='ltr'>fertur</span> <span class='ocrx_word' id='word_1_64' title='bbox 675 2733 979 2814; x_wconf 87' lang='lat' dir='ltr'>interior,</span> 
     </span>
     <span class='ocr_line' id='line_1_21' title="bbox 175 2836 1120 2927; baseline -0.012 -18"><span class='ocrx_word' id='word_1_65' title='bbox 175 2861 371 2927; x_wconf 83' lang='lat' dir='ltr'>quem</span> <span class='ocrx_word' id='word_1_66' title='bbox 417 2838 719 2921; x_wconf 84' lang='lat' dir='ltr'>denigrat</span> <span class='ocrx_word' id='word_1_67' title='bbox 762 2836 1088 2903; x_wconf 79' lang='lat' dir='ltr'>humilitas</span> <span class='ocrx_word' id='word_1_68' title='bbox 1103 2884 1120 2918; x_wconf 91' lang='lat'>,</span> 
     </span>
     <span class='ocr_line' id='line_1_22' title="bbox 173 2939 1056 3027; baseline -0.003 -18"><span class='ocrx_word' id='word_1_69' title='bbox 173 2947 239 3009; x_wconf 88' lang='lat' dir='ltr'>in</span> <span class='ocrx_word' id='word_1_70' title='bbox 287 2961 417 3027; x_wconf 89' lang='lat' dir='ltr'>quo</span> <span class='ocrx_word' id='word_1_71' title='bbox 464 2942 741 3007; x_wconf 81' lang='lat' dir='ltr'>albescit</span> <span class='ocrx_word' id='word_1_72' title='bbox 784 2939 1023 3007; x_wconf 79' lang='lat' dir='ltr'>caritas</span> <span class='ocrx_word' id='word_1_73' title='bbox 1037 2985 1056 3021; x_wconf 91' lang='lat'>‚</span> 
     </span>
     <span class='ocr_line' id='line_1_23' title="bbox 178 3040 1038 3109; baseline -0.007 0"><span class='ocrx_word' id='word_1_74' title='bbox 178 3044 264 3109; x_wconf 90' lang='lat' dir='ltr'>ad</span> <span class='ocrx_word' id='word_1_75' title='bbox 314 3042 674 3109; x_wconf 84' lang='lat' dir='ltr'>honestatis</span> <span class='ocrx_word' id='word_1_76' title='bbox 718 3040 1038 3106; x_wconf 89' lang='lat' dir='ltr'>cumulum</span> 
     </span>
     <span class='ocr_line' id='line_1_24' title="bbox 181 3143 1114 3228; baseline -0.01 -16"><span class='ocrx_word' id='word_1_77' title='bbox 181 3149 377 3212; x_wconf 88' lang='lat' dir='ltr'>rubet</span> <span class='ocrx_word' id='word_1_78' title='bbox 420 3163 679 3228; x_wconf 87' lang='lat' dir='ltr'>quoque</span> <span class='ocrx_word' id='word_1_79' title='bbox 722 3143 1114 3225; x_wconf 87' lang='lat' dir='ltr'>martyrium.</span> 
     </span>
    </p>
   </div>
   <div class='ocr_carea' id='block_1_10' title="bbox 179 3379 1045 3979">
    <p class='ocr_par' dir='ltr' id='par_1_11' title="bbox 179 3379 1045 3979">
     <span class='ocr_line' id='line_1_25' title="bbox 180 3379 994 3463; baseline -0.002 -18"><span class='ocrx_word' id='word_1_80' title='bbox 180 3379 463 3449; x_wconf 85' lang='lat' dir='ltr'>Sardius</span> <span class='ocrx_word' id='word_1_81' title='bbox 506 3386 609 3443; x_wconf 89' lang='lat' dir='ltr'>est</span> <span class='ocrx_word' id='word_1_82' title='bbox 651 3380 994 3463; x_wconf 83' lang='lat' dir='ltr'>puniceus,</span> 
     </span>
     <span class='ocr_line' id='line_1_26' title="bbox 179 3483 1043 3570; baseline -0.006 -20"><span class='ocrx_word' id='word_1_83' title='bbox 179 3484 370 3570; x_wconf 87' lang='lat' dir='ltr'>cujus</span> <span class='ocrx_word' id='word_1_84' title='bbox 417 3483 601 3548; x_wconf 90' lang='lat' dir='ltr'>color</span> <span class='ocrx_word' id='word_1_85' title='bbox 647 3483 1043 3564; x_wconf 87' lang='lat' dir='ltr'>sanguineus</span> 
     </span>
     <span class='ocr_line' id='line_1_27' title="bbox 179 3586 1004 3668; baseline -0.002 -16"><span class='ocrx_word' id='word_1_86' title='bbox 179 3593 471 3652; x_wconf 86' lang='lat' dir='ltr'>ostentat</span> <span class='ocrx_word' id='word_1_87' title='bbox 514 3593 583 3650; x_wconf 88' lang='lat' dir='ltr'>et</span> <span class='ocrx_word' id='word_1_88' title='bbox 624 3586 1004 3668; x_wconf 88' lang='lat' dir='ltr'>martyrium</span> 
     </span>
     <span class='ocr_line' id='line_1_28' title="bbox 179 3690 873 3773; baseline -0.006 -17"><span class='ocrx_word' id='word_1_89' title='bbox 179 3693 307 3756; x_wconf 90' lang='lat' dir='ltr'>rite</span> <span class='ocrx_word' id='word_1_90' title='bbox 354 3690 873 3773; x_wconf 83' lang='lat' dir='ltr'>agonizantium3</span> 
     </span>
     <span class='ocr_line' id='line_1_29' title="bbox 182 3791 1045 3874; baseline -0.002 -18"><span class='ocrx_word' id='word_1_91' title='bbox 182 3801 411 3857; x_wconf 83' lang='lat' dir='ltr'>sextus</span> <span class='ocrx_word' id='word_1_92' title='bbox 455 3800 556 3857; x_wconf 92' lang='lat' dir='ltr'>est</span> <span class='ocrx_word' id='word_1_93' title='bbox 602 3794 668 3856; x_wconf 93' lang='lat' dir='ltr'>in</span> <span class='ocrx_word' id='word_1_94' title='bbox 714 3791 1045 3874; x_wconf 87' lang='lat' dir='ltr'>catalogo,</span> 
     </span>
     <span class='ocr_line' id='line_1_30' title="bbox 184 3895 1033 3979; baseline 0.005 -20"><span class='ocrx_word' id='word_1_95' title='bbox 184 3896 401 3960; x_wconf 89' lang='lat' dir='ltr'>crucis</span> <span class='ocrx_word' id='word_1_96' title='bbox 448 3895 658 3959; x_wconf 82' lang='lat' dir='ltr'>haeret</span> <span class='ocrx_word' id='word_1_97' title='bbox 699 3895 1033 3979; x_wconf 66' lang='lat' dir='ltr'>mysteria·</span> 
     </span>
    </p>
   </div>
   <div class='ocr_carea' id='block_1_11' title="bbox 184 4123 1166 4621">
    <p class='ocr_par' dir='ltr' id='par_1_12' title="bbox 184 4123 1166 4519">
     <span class='ocr_line' id='line_1_31' title="bbox 186 4123 1026 4208; baseline 0 -18"><span class='ocrx_word' id='word_1_98' title='bbox 186 4123 545 4191; x_wconf 83' lang='lat' dir='ltr'>Auricolor</span> <span class='ocrx_word' id='word_1_99' title='bbox 588 4124 1026 4208; x_wconf 83' lang='lat' dir='ltr'>chrysolithus</span> 
     </span>
     <span class='ocr_line' id='line_1_32' title="bbox 184 4229 1091 4319; baseline 0.001 -28"><span class='ocrx_word' id='word_1_100' title='bbox 184 4229 498 4295; x_wconf 84' lang='lat' dir='ltr'>scintillat</span> <span class='ocrx_word' id='word_1_101' title='bbox 541 4230 724 4319; x_wconf 82' lang='lat' dir='ltr'>velut</span> <span class='ocrx_word' id='word_1_102' title='bbox 767 4230 1091 4312; x_wconf 83' lang='lat' dir='ltr'>elibanus,</span> 
     </span>
     <span class='ocr_line' id='line_1_33' title="bbox 186 4330 1166 4415; baseline 0.003 -21"><span class='ocrx_word' id='word_1_103' title='bbox 186 4330 540 4415; x_wconf 85' lang='lat' dir='ltr'>praetendit</span> <span class='ocrx_word' id='word_1_104' title='bbox 582 4349 799 4396; x_wconf 89' lang='lat' dir='ltr'>mores</span> <span class='ocrx_word' id='word_1_105' title='bbox 843 4332 1166 4397; x_wconf 89' lang='lat' dir='ltr'>hominum</span> 
     </span>
     <span class='ocr_line' id='line_1_34' title="bbox 188 4433 948 4519; baseline -0.001 -22"><span class='ocrx_word' id='word_1_106' title='bbox 188 4433 485 4514; x_wconf 81' lang='lat' dir='ltr'>perfecte</span> <span class='ocrx_word' id='word_1_107' title='bbox 530 4433 948 4519; x_wconf 87' lang='lat' dir='ltr'>sapientium,</span> 
     </span>
    </p>

    <p class='ocr_par' dir='ltr' id='par_1_13' title="bbox 189 4537 1015 4621">
     <span class='ocr_line' id='line_1_35' title="bbox 189 4537 1015 4621; baseline -0.001 -18"><span class='ocrx_word' id='word_1_108' title='bbox 189 4539 297 4617; x_wconf 86' lang='lat' dir='ltr'>qui</span> <span class='ocrx_word' id='word_1_109' title='bbox 340 4537 737 4621; x_wconf 81' lang='lat' dir='ltr'>septiformis</span> <span class='ocrx_word' id='word_1_110' title='bbox 783 4539 1015 4621; x_wconf 66' lang='lat' dir='ltr'>gratia&gt;</span> 
     </span>
    </p>
   </div>
   <div class='ocr_carea' id='block_1_12' title="bbox 191 4639 1180 4724">
    <p class='ocr_par' dir='ltr' id='par_1_14' title="bbox 191 4639 1180 4724">
     <span class='ocr_line' id='line_1_36' title="bbox 191 4639 1180 4724; baseline 0.005 -25"><span class='ocrx_word' id='word_1_111' title='bbox 191 4655 383 4705; x_wconf 87' lang='lat' dir='ltr'>sacro</span> <span class='ocrx_word' id='word_1_112' title='bbox 422 4639 892 4724; x_wconf 85' lang='lat' dir='ltr'>splendescunt</span> <span class='ocrx_word' id='word_1_113' title='bbox 924 4641 1180 4724; x_wconf 87' lang='lat' dir='ltr'>jubare.</span> 
     </span>
    </p>
   </div>
   <div class='ocr_carea' id='block_1_13' title="bbox 1348 657 1428 718">
    <p class='ocr_par' dir='ltr' id='par_1_15' title="bbox 1348 657 1428 718">
     <span class='ocr_line' id='line_1_37' title="bbox 1348 657 1428 718; baseline 0 0"><span class='ocrx_word' id='word_1_114' title='bbox 1348 657 1428 718; x_wconf 84' lang='lat'>15</span> 
     </span>
    </p>
   </div>
   <div class='ocr_carea' id='block_1_14' title="bbox 1345 1277 1429 1340">
    <p class='ocr_par' dir='ltr' id='par_1_16' title="bbox 1345 1277 1429 1340">
     <span class='ocr_line' id='line_1_38' title="bbox 1345 1277 1429 1340; baseline -0.012 0"><span class='ocrx_word' id='word_1_115' title='bbox 1345 1277 1429 1340; x_wconf 83' lang='lat'>20</span> 
     </span>
    </p>
   </div>
   <div class='ocr_carea' id='block_1_15' title="bbox 1345 1903 1429 1965">
    <p class='ocr_par' dir='ltr' id='par_1_17' title="bbox 1345 1903 1429 1965">
     <span class='ocr_line' id='line_1_39' title="bbox 1345 1903 1429 1965; baseline -0.012 0"><span class='ocrx_word' id='word_1_116' title='bbox 1345 1903 1429 1965; x_wconf 83' lang='lat'>25</span> 
     </span>
    </p>
   </div>
   <div class='ocr_carea' id='block_1_16' title="bbox 1346 2412 1431 2475">
    <p class='ocr_par' dir='ltr' id='par_1_18' title="bbox 1346 2412 1431 2475">
     <span class='ocr_line' id='line_1_40' title="bbox 1346 2412 1431 2475; baseline 0 0"><span class='ocrx_word' id='word_1_117' title='bbox 1346 2412 1431 2475; x_wconf 81' lang='lat'>30</span> 
     </span>
    </p>
   </div>
   <div class='ocr_carea' id='block_1_17' title="bbox 1349 3036 1432 3099">
    <p class='ocr_par' dir='ltr' id='par_1_19' title="bbox 1349 3036 1432 3099">
     <span class='ocr_line' id='line_1_41' title="bbox 1349 3036 1432 3099; baseline 0 0"><span class='ocrx_word' id='word_1_118' title='bbox 1349 3036 1432 3099; x_wconf 82' lang='lat'>35</span> 
     </span>
    </p>
   </div>
   <div class='ocr_carea' id='block_1_18' title="bbox 1351 3682 1435 3749">
    <p class='ocr_par' dir='ltr' id='par_1_20' title="bbox 1351 3682 1435 3749">
     <span class='ocr_line' id='line_1_42' title="bbox 1351 3682 1435 3749; baseline 0 0"><span class='ocrx_word' id='word_1_119' title='bbox 1351 3682 1435 3749; x_wconf 74' lang='lat'>40</span> 
     </span>
    </p>
   </div>
   <div class='ocr_carea' id='block_1_19' title="bbox 1356 4332 1437 4393">
    <p class='ocr_par' dir='ltr' id='par_1_21' title="bbox 1356 4332 1437 4393">
     <span class='ocr_line' id='line_1_43' title="bbox 1356 4332 1437 4393; baseline 0 0"><span class='ocrx_word' id='word_1_120' title='bbox 1356 4332 1437 4393; x_wconf 79' lang='lat'>45</span> 
     </span>
    </p>
   </div>
   <div class='ocr_carea' id='block_1_20' title="bbox 1533 451 2499 1046">
    <p class='ocr_par' dir='ltr' id='par_1_22' title="bbox 1534 451 2499 841">
     <span class='ocr_line' id='line_1_44' title="bbox 1534 451 2499 539; baseline 0.006 -23"><span class='ocrx_word' id='word_1_121' title='bbox 1534 451 1840 536; x_wconf 90' lang='lat' dir='ltr'>Beryllus</span> <span class='ocrx_word' id='word_1_122' title='bbox 1888 460 1991 517; x_wconf 89' lang='lat' dir='ltr'>est</span> <span class='ocrx_word' id='word_1_123' title='bbox 2036 453 2499 539; x_wconf 84' lang='lat' dir='ltr'>lymphaticus,</span> 
     </span>
     <span class='ocr_line' id='line_1_45' title="bbox 1535 554 2455 641; baseline 0.003 -22"><span class='ocrx_word' id='word_1_124' title='bbox 1535 561 1608 619; x_wconf 89' lang='lat' dir='ltr'>ut</span> <span class='ocrx_word' id='word_1_125' title='bbox 1653 554 1755 618; x_wconf 89' lang='lat' dir='ltr'>sol</span> <span class='ocrx_word' id='word_1_126' title='bbox 1797 555 1862 618; x_wconf 91' lang='lat' dir='ltr'>in</span> <span class='ocrx_word' id='word_1_127' title='bbox 1909 574 2078 638; x_wconf 86' lang='lat' dir='ltr'>aqua</span> <span class='ocrx_word' id='word_1_128' title='bbox 2123 556 2455 641; x_wconf 88' lang='lat' dir='ltr'>limpidus,</span> 
     </span>
     <span class='ocr_line' id='line_1_46' title="bbox 1535 655 2328 739; baseline 0.001 -19"><span class='ocrx_word' id='word_1_129' title='bbox 1535 655 1780 739; x_wconf 88' lang='lat' dir='ltr'>figurat</span> <span class='ocrx_word' id='word_1_130' title='bbox 1830 664 1982 721; x_wconf 89' lang='lat' dir='ltr'>vota</span> <span class='ocrx_word' id='word_1_131' title='bbox 2024 659 2328 723; x_wconf 87' lang='lat' dir='ltr'>mentium</span> 
     </span>
     <span class='ocr_line' id='line_1_47' title="bbox 1535 759 2211 841; baseline 0.001 -19"><span class='ocrx_word' id='word_1_132' title='bbox 1535 759 1801 841; x_wconf 84' lang='lat' dir='ltr'>ingenio</span> <span class='ocrx_word' id='word_1_133' title='bbox 1847 760 2180 841; x_wconf 77' lang='lat' dir='ltr'>sagacium</span> <span class='ocrx_word' id='word_1_134' title='bbox 2193 807 2211 840; x_wconf 91' lang='lat'>‚</span> 
     </span>
    </p>

    <p class='ocr_par' dir='ltr' id='par_1_23' title="bbox 1533 857 2457 1046">
     <span class='ocr_line' id='line_1_48' title="bbox 1534 857 2457 941; baseline 0.003 -18"><span class='ocrx_word' id='word_1_135' title='bbox 1534 857 1680 941; x_wconf 84' lang='lat' dir='ltr'>quis</span> <span class='ocrx_word' id='word_1_136' title='bbox 1725 859 1934 941; x_wconf 90' lang='lat' dir='ltr'>magis</span> <span class='ocrx_word' id='word_1_137' title='bbox 1979 859 2159 924; x_wconf 90' lang='lat' dir='ltr'>lubet</span> <span class='ocrx_word' id='word_1_138' title='bbox 2202 878 2457 926; x_wconf 90' lang='lat' dir='ltr'>sumere</span> 
     </span>
     <span class='ocr_line' id='line_1_49' title="bbox 1533 962 2369 1046; baseline 0.001 -19"><span class='ocrx_word' id='word_1_139' title='bbox 1533 962 1828 1046; x_wconf 85' lang='lat' dir='ltr'>pulchrae</span> <span class='ocrx_word' id='word_1_140' title='bbox 1874 964 2107 1044; x_wconf 89' lang='lat' dir='ltr'>quietis</span> <span class='ocrx_word' id='word_1_141' title='bbox 2154 964 2369 1028; x_wconf 88' lang='lat' dir='ltr'>otium.</span> 
     </span>
    </p>
   </div>
   <div class='ocr_carea' id='block_1_21' title="bbox 1535 1178 2288 1263">
    <p class='ocr_par' dir='ltr' id='par_1_24' title="bbox 1535 1178 2288 1263">
     <span class='ocr_line' id='line_1_50' title="bbox 1535 1178 2288 1263; baseline 0.001 -20"><span class='ocrx_word' id='word_1_142' title='bbox 1535 1178 1861 1263; x_wconf 82' lang='lat' dir='ltr'>Topazius</span> <span class='ocrx_word' id='word_1_143' title='bbox 1908 1194 2037 1261; x_wconf 91' lang='lat' dir='ltr'>quo</span> <span class='ocrx_word' id='word_1_144' title='bbox 2074 1179 2288 1244; x_wconf 88' lang='lat' dir='ltr'>rarior</span> 
     </span>
    </p>
   </div>
   <div class='ocr_carea' id='block_1_22' title="bbox 1507 1284 2193 1368">
    <p class='ocr_par' dir='ltr' id='par_1_25' title="bbox 1507 1284 2193 1368">
     <span class='ocr_line' id='line_1_51' title="bbox 1507 1284 2193 1368; baseline -0.001 -20"><span class='ocrx_word' id='word_1_145' title='bbox 1507 1296 1617 1348; x_wconf 76' lang='lat' dir='ltr'>’eo</span> <span class='ocrx_word' id='word_1_146' title='bbox 1663 1291 1765 1348; x_wconf 90' lang='lat' dir='ltr'>est</span> <span class='ocrx_word' id='word_1_147' title='bbox 1807 1284 2193 1368; x_wconf 89' lang='lat' dir='ltr'>pretiosior,</span> 
     </span>
    </p>
   </div>
   <div class='ocr_carea' id='block_1_23' title="bbox 1535 1389 2382 1677">
    <p class='ocr_par' dir='ltr' id='par_1_26' title="bbox 1535 1389 2382 1677">
     <span class='ocr_line' id='line_1_52' title="bbox 1535 1389 2248 1481; baseline 0.001 -29"><span class='ocrx_word' id='word_1_148' title='bbox 1535 1389 1748 1453; x_wconf 91' lang='lat' dir='ltr'>nitore</span> <span class='ocrx_word' id='word_1_149' title='bbox 1788 1390 1980 1455; x_wconf 88' lang='lat' dir='ltr'>rubet</span> <span class='ocrx_word' id='word_1_150' title='bbox 2026 1390 2248 1481; x_wconf 82' lang='lat' dir='ltr'>griseo</span> 
     </span>
     <span class='ocr_line' id='line_1_53' title="bbox 1536 1489 2250 1573; baseline 0 -20"><span class='ocrx_word' id='word_1_151' title='bbox 1536 1498 1604 1553; x_wconf 89' lang='lat' dir='ltr'>et</span> <span class='ocrx_word' id='word_1_152' title='bbox 1640 1497 1912 1573; x_wconf 90' lang='lat' dir='ltr'>aspectu</span> <span class='ocrx_word' id='word_1_153' title='bbox 1955 1489 2250 1555; x_wconf 79' lang='lat' dir='ltr'>aethereo</span> 
     </span>
     <span class='ocr_line' id='line_1_54' title="bbox 1537 1591 2382 1677; baseline 0.001 -21"><span class='ocrx_word' id='word_1_154' title='bbox 1537 1593 2058 1677; x_wconf 76' lang='lat' dir='ltr'>contemplativae</span> <span class='ocrx_word' id='word_1_155' title='bbox 2107 1591 2382 1658; x_wconf 89' lang='lat' dir='ltr'>solidum</span> 
     </span>
    </p>
   </div>
   <div class='ocr_carea' id='block_1_24' title="bbox 1534 1696 2393 1764">
    <p class='ocr_par' dir='ltr' id='par_1_27' title="bbox 1534 1696 2393 1764">
     <span class='ocr_line' id='line_1_55' title="bbox 1534 1696 2393 1764; baseline 0.005 -4"><span class='ocrx_word' id='word_1_156' title='bbox 1534 1696 1689 1761; x_wconf 83' lang='lat' dir='ltr'>vitae</span> <span class='ocrx_word' id='word_1_157' title='bbox 1733 1707 2049 1763; x_wconf 88' lang='lat' dir='ltr'>monstrat</span> <span class='ocrx_word' id='word_1_158' title='bbox 2093 1699 2393 1764; x_wconf 81' lang='lat' dir='ltr'>officium.</span> 
     </span>
    </p>
   </div>
   <div class='ocr_carea' id='block_1_25' title="bbox 1533 1912 2515 2508">
    <p class='ocr_par' dir='ltr' id='par_1_28' title="bbox 1533 1912 2515 2508">
     <span class='ocr_line' id='line_1_56' title="bbox 1533 1912 2445 2000; baseline 0.004 -22"><span class='ocrx_word' id='word_1_159' title='bbox 1533 1912 2033 1998; x_wconf 75' lang='lat' dir='ltr'>chrysoprasus</span> <span class='ocrx_word' id='word_1_160' title='bbox 2078 1934 2445 2000; x_wconf 88' lang='lat' dir='ltr'>purpureus</span> 
     </span>
     <span class='ocr_line' id='line_1_57' title="bbox 1533 2018 2372 2102; baseline 0.001 -20"><span class='ocrx_word' id='word_1_161' title='bbox 1533 2018 1861 2083; x_wconf 89' lang='lat' dir='ltr'>auricolor</span> <span class='ocrx_word' id='word_1_162' title='bbox 1906 2025 1972 2082; x_wconf 88' lang='lat' dir='ltr'>et</span> <span class='ocrx_word' id='word_1_163' title='bbox 2006 2018 2372 2102; x_wconf 83' lang='lat' dir='ltr'>flammeus,</span> 
     </span>
     <span class='ocr_line' id='line_1_58' title="bbox 1534 2118 2513 2203; baseline -0.003 -18"><span class='ocrx_word' id='word_1_164' title='bbox 1534 2119 1723 2203; x_wconf 88' lang='lat' dir='ltr'>cujus</span> <span class='ocrx_word' id='word_1_165' title='bbox 1770 2118 2077 2202; x_wconf 87' lang='lat' dir='ltr'>splendor</span> <span class='ocrx_word' id='word_1_166' title='bbox 2115 2120 2181 2183; x_wconf 87' lang='lat' dir='ltr'>in</span> <span class='ocrx_word' id='word_1_167' title='bbox 2227 2119 2513 2183; x_wconf 89' lang='lat' dir='ltr'>tenebris</span> 
     </span>
     <span class='ocr_line' id='line_1_59' title="bbox 1533 2206 2458 2300; baseline -0.004 -13"><span class='ocrx_word' id='word_1_168' title='bbox 1533 2220 1827 2287; x_wconf 85' lang='lat' dir='ltr'>flammas</span> <span class='ocrx_word' id='word_1_169' title='bbox 1872 2221 2129 2285; x_wconf 87' lang='lat' dir='ltr'>evibrat</span> <span class='ocrx_word' id='word_1_170' title='bbox 2174 2219 2412 2300; x_wconf 88' lang='lat' dir='ltr'>oculis,</span> <span class='ocrx_word' id='word_1_171' title='bbox 2449 2206 2458 2215; x_wconf 47' lang='lat'>⁸</span> 
     </span>
     <span class='ocr_line' id='line_1_60' title="bbox 1534 2322 2473 2407; baseline -0.004 -18"><span class='ocrx_word' id='word_1_172' title='bbox 1534 2324 1683 2390; x_wconf 85' lang='lat' dir='ltr'>haec</span> <span class='ocrx_word' id='word_1_173' title='bbox 1727 2330 1830 2388; x_wconf 88' lang='lat' dir='ltr'>est</span> <span class='ocrx_word' id='word_1_174' title='bbox 1872 2322 2168 2407; x_wconf 82' lang='lat' dir='ltr'>perfecta</span> <span class='ocrx_word' id='word_1_175' title='bbox 2205 2322 2473 2403; x_wconf 88' lang='lat' dir='ltr'>caritas,</span> 
     </span>
     <span class='ocr_line' id='line_1_61' title="bbox 1537 2424 2515 2508; baseline -0.003 -17"><span class='ocrx_word' id='word_1_176' title='bbox 1537 2445 1728 2508; x_wconf 89' lang='lat' dir='ltr'>quam</span> <span class='ocrx_word' id='word_1_177' title='bbox 1773 2425 1951 2491; x_wconf 89' lang='lat' dir='ltr'>nulla</span> <span class='ocrx_word' id='word_1_178' title='bbox 1996 2425 2228 2489; x_wconf 88' lang='lat' dir='ltr'>sternit</span> <span class='ocrx_word' id='word_1_179' title='bbox 2271 2424 2515 2489; x_wconf 80' lang='lat' dir='ltr'>feritas.</span> 
     </span>
    </p>
   </div>
   <div class='ocr_carea' id='block_1_26' title="bbox 1535 2637 2481 3238">
    <p class='ocr_par' dir='ltr' id='par_1_29' title="bbox 1535 2637 2481 3238">
     <span class='ocr_line' id='line_1_62' title="bbox 1535 2637 2481 2723; baseline -0.001 -20"><span class='ocrx_word' id='word_1_180' title='bbox 1535 2637 1942 2723; x_wconf 84' lang='lat' dir='ltr'>Hyacinthus</span> <span class='ocrx_word' id='word_1_181' title='bbox 1986 2646 2085 2702; x_wconf 86' lang='lat' dir='ltr'>est</span> <span class='ocrx_word' id='word_1_182' title='bbox 2132 2637 2481 2721; x_wconf 81' lang='lat' dir='ltr'>caeruleus,</span> 
     </span>
     <span class='ocr_line' id='line_1_63' title="bbox 1537 2739 2257 2821; baseline 0 -17"><span class='ocrx_word' id='word_1_183' title='bbox 1537 2742 1756 2806; x_wconf 89' lang='lat' dir='ltr'>virore</span> <span class='ocrx_word' id='word_1_184' title='bbox 1801 2739 2257 2821; x_wconf 79' lang='lat' dir='ltr'>medioximus,</span> 
     </span>
     <span class='ocr_line' id='line_1_64' title="bbox 1538 2843 2258 2926; baseline -0.004 -17"><span class='ocrx_word' id='word_1_185' title='bbox 1538 2844 1724 2926; x_wconf 85' lang='lat' dir='ltr'>cujus</span> <span class='ocrx_word' id='word_1_186' title='bbox 1770 2843 2012 2909; x_wconf 89' lang='lat' dir='ltr'>decora</span> <span class='ocrx_word' id='word_1_187' title='bbox 2054 2843 2258 2908; x_wconf 81' lang='lat' dir='ltr'>facies</span> 
     </span>
     <span class='ocr_line' id='line_1_65' title="bbox 1537 2947 2358 3031; baseline 0.002 -21"><span class='ocrx_word' id='word_1_188' title='bbox 1537 2953 1818 3011; x_wconf 87' lang='lat' dir='ltr'>mutatur</span> <span class='ocrx_word' id='word_1_189' title='bbox 1862 2955 1933 3011; x_wconf 87' lang='lat' dir='ltr'>ut</span> <span class='ocrx_word' id='word_1_190' title='bbox 1977 2947 2358 3031; x_wconf 86' lang='lat' dir='ltr'>temperies3</span> 
     </span>
     <span class='ocr_line' id='line_1_66' title="bbox 1537 3051 2406 3133; baseline 0.003 -19"><span class='ocrx_word' id='word_1_191' title='bbox 1537 3051 1737 3115; x_wconf 87' lang='lat' dir='ltr'>vitam</span> <span class='ocrx_word' id='word_1_192' title='bbox 1782 3051 1999 3132; x_wconf 88' lang='lat' dir='ltr'>signat</span> <span class='ocrx_word' id='word_1_193' title='bbox 2042 3052 2406 3133; x_wconf 83' lang='lat' dir='ltr'>angelicam</span> 
     </span>
     <span class='ocr_line' id='line_1_67' title="bbox 1542 3153 2333 3238; baseline -0.001 -21"><span class='ocrx_word' id='word_1_194' title='bbox 1542 3153 1930 3218; x_wconf 87' lang='lat' dir='ltr'>discretione</span> <span class='ocrx_word' id='word_1_195' title='bbox 1976 3153 2333 3238; x_wconf 85' lang='lat' dir='ltr'>praeditam.</span> 
     </span>
    </p>
   </div>
   <div class='ocr_carea' id='block_1_27' title="bbox 1538 3378 2421 3961">
    <p class='ocr_par' dir='ltr' id='par_1_30' title="bbox 1538 3378 2421 3961">
     <span class='ocr_line' id='line_1_68' title="bbox 1539 3378 2382 3464; baseline -0.005 -18"><span class='ocrx_word' id='word_1_196' title='bbox 1539 3378 1967 3464; x_wconf 87' lang='lat' dir='ltr'>Amethystus</span> <span class='ocrx_word' id='word_1_197' title='bbox 2013 3378 2382 3462; x_wconf 86' lang='lat' dir='ltr'>praecipuus</span> 
     </span>
     <span class='ocr_line' id='line_1_69' title="bbox 1541 3482 2174 3563; baseline 0 -14"><span class='ocrx_word' id='word_1_198' title='bbox 1541 3485 1763 3549; x_wconf 91' lang='lat' dir='ltr'>colore</span> <span class='ocrx_word' id='word_1_199' title='bbox 1807 3482 2140 3549; x_wconf 78' lang='lat' dir='ltr'>violaceus</span> <span class='ocrx_word' id='word_1_200' title='bbox 2157 3529 2174 3563; x_wconf 92' lang='lat'>‚</span> 
     </span>
     <span class='ocr_line' id='line_1_70' title="bbox 1538 3587 2383 3653; baseline 0 0"><span class='ocrx_word' id='word_1_201' title='bbox 1538 3588 1831 3653; x_wconf 86' lang='lat' dir='ltr'>flammas</span> <span class='ocrx_word' id='word_1_202' title='bbox 1875 3587 2103 3652; x_wconf 84' lang='lat' dir='ltr'>emittit</span> <span class='ocrx_word' id='word_1_203' title='bbox 2149 3604 2383 3653; x_wconf 84' lang='lat' dir='ltr'>aureas</span> 
     </span>
     <span class='ocr_line' id='line_1_71' title="bbox 1540 3692 2372 3775; baseline -0.004 -20"><span class='ocrx_word' id='word_1_204' title='bbox 1540 3692 1924 3773; x_wconf 78' lang='lat' dir='ltr'>notulasque</span> <span class='ocrx_word' id='word_1_205' title='bbox 1967 3707 2372 3775; x_wconf 88' lang='lat' dir='ltr'>purpureas;</span> 
     </span>
     <span class='ocr_line' id='line_1_72' title="bbox 1539 3793 2421 3879; baseline 0 -21"><span class='ocrx_word' id='word_1_206' title='bbox 1539 3793 1890 3879; x_wconf 82' lang='lat' dir='ltr'>praetendit</span> <span class='ocrx_word' id='word_1_207' title='bbox 1932 3812 2050 3859; x_wconf 91' lang='lat' dir='ltr'>cor</span> <span class='ocrx_word' id='word_1_208' title='bbox 2095 3795 2421 3859; x_wconf 89' lang='lat' dir='ltr'>humilium</span> 
     </span>
     <span class='ocr_line' id='line_1_73' title="bbox 1542 3892 2412 3961; baseline 0 -2"><span class='ocrx_word' id='word_1_209' title='bbox 1542 3892 1804 3960; x_wconf 83' lang='lat' dir='ltr'>Christo</span> <span class='ocrx_word' id='word_1_210' title='bbox 1849 3895 2412 3961; x_wconf 86' lang='lat' dir='ltr'>commorientium.</span> 
     </span>
    </p>
   </div>
   <div class='ocr_carea' id='block_1_28' title="bbox 1538 4125 2511 4733">
    <p class='ocr_par' dir='ltr' id='par_1_31' title="bbox 1538 4125 2511 4733">
     <span class='ocr_line' id='line_1_74' title="bbox 1538 4125 2236 4210; baseline -0.001 -19"><span class='ocrx_word' id='word_1_211' title='bbox 1538 4125 1625 4191; x_wconf 85' lang='lat' dir='ltr'>Hi</span> <span class='ocrx_word' id='word_1_212' title='bbox 1670 4127 1939 4210; x_wconf 87' lang='lat' dir='ltr'>pretiosi</span> <span class='ocrx_word' id='word_1_213' title='bbox 1983 4126 2236 4209; x_wconf 89' lang='lat' dir='ltr'>lapides</span> 
     </span>
     <span class='ocr_line' id='line_1_75' title="bbox 1541 4225 2511 4309; baseline -0.005 -16"><span class='ocrx_word' id='word_1_214' title='bbox 1541 4227 1842 4293; x_wconf 85' lang='lat' dir='ltr'>carnales</span> <span class='ocrx_word' id='word_1_215' title='bbox 1884 4229 2144 4309; x_wconf 88' lang='lat' dir='ltr'>signant</span> <span class='ocrx_word' id='word_1_216' title='bbox 2189 4225 2511 4309; x_wconf 89' lang='lat' dir='ltr'>homines,</span> 
     </span>
     <span class='ocr_line' id='line_1_76' title="bbox 1544 4329 2344 4410; baseline -0.004 -16"><span class='ocrx_word' id='word_1_217' title='bbox 1544 4330 1834 4395; x_wconf 86' lang='lat' dir='ltr'>colorum</span> <span class='ocrx_word' id='word_1_218' title='bbox 1878 4336 1979 4393; x_wconf 89' lang='lat' dir='ltr'>est</span> <span class='ocrx_word' id='word_1_219' title='bbox 2022 4329 2344 4410; x_wconf 77' lang='lat' dir='ltr'>varietas,</span> 
     </span>
     <span class='ocr_line' id='line_1_77' title="bbox 1542 4431 2357 4514; baseline -0.002 -19"><span class='ocrx_word' id='word_1_220' title='bbox 1542 4432 1849 4497; x_wconf 83' lang='lat' dir='ltr'>virtutum</span> <span class='ocrx_word' id='word_1_221' title='bbox 1892 4431 2357 4514; x_wconf 86' lang='lat' dir='ltr'>multiplicites‚</span> 
     </span>
     <span class='ocr_line' id='line_1_78' title="bbox 1546 4532 2432 4616; baseline -0.001 -18"><span class='ocrx_word' id='word_1_222' title='bbox 1546 4535 1925 4616; x_wconf 90' lang='lat' dir='ltr'>quicumque</span> <span class='ocrx_word' id='word_1_223' title='bbox 1969 4532 2071 4596; x_wconf 88' lang='lat' dir='ltr'>his</span> <span class='ocrx_word' id='word_1_224' title='bbox 2108 4532 2400 4599; x_wconf 85' lang='lat' dir='ltr'>floruerit</span> <span class='ocrx_word' id='word_1_225' title='bbox 2414 4580 2432 4613; x_wconf 90' lang='lat'><strong>,</strong></span> 
     </span>
     <span class='ocr_line' id='line_1_79' title="bbox 1547 4636 2330 4733; baseline 0 -33"><span class='ocrx_word' id='word_1_226' title='bbox 1547 4636 1835 4701; x_wconf 87' lang='lat' dir='ltr'>concivis</span> <span class='ocrx_word' id='word_1_227' title='bbox 1882 4654 2030 4700; x_wconf 92' lang='lat' dir='ltr'>esse</span> <span class='ocrx_word' id='word_1_228' title='bbox 2075 4637 2330 4733; x_wconf 71' lang='lat' dir='ltr'>poterit.</span> 
     </span>
    </p>
   </div>
   <div class='ocr_carea' id='block_1_29' title="bbox 2699 1185 2783 1246">
    <p class='ocr_par' dir='ltr' id='par_1_32' title="bbox 2699 1185 2783 1246">
     <span class='ocr_line' id='line_1_80' title="bbox 2699 1185 2783 1246; baseline 0 0"><span class='ocrx_word' id='word_1_229' title='bbox 2699 1185 2783 1246; x_wconf 90' lang='grc'>55</span> 
     </span>
    </p>
   </div>
   <div class='ocr_carea' id='block_1_30' title="bbox 2697 1700 2782 1764">
    <p class='ocr_par' dir='ltr' id='par_1_33' title="bbox 2697 1700 2782 1764">
     <span class='ocr_line' id='line_1_81' title="bbox 2697 1700 2782 1764; baseline 0.024 -2"><span class='ocrx_word' id='word_1_230' title='bbox 2697 1700 2782 1764; x_wconf 78' lang='lat'>6⁰</span> 
     </span>
    </p>
   </div>
   <div class='ocr_carea' id='block_1_31' title="bbox 2701 2321 2783 2383">
    <p class='ocr_par' dir='ltr' id='par_1_34' title="bbox 2701 2321 2783 2383">
     <span class='ocr_line' id='line_1_82' title="bbox 2701 2321 2783 2383; baseline -0.012 0"><span class='ocrx_word' id='word_1_231' title='bbox 2701 2321 2783 2383; x_wconf 78' lang='lat'>65</span> 
     </span>
    </p>
   </div>
   <div class='ocr_carea' id='block_1_32' title="bbox 2704 2949 2788 3013">
    <p class='ocr_par' dir='ltr' id='par_1_35' title="bbox 2704 2949 2788 3013">
     <span class='ocr_line' id='line_1_83' title="bbox 2704 2949 2788 3013; baseline 0 0"><span class='ocrx_word' id='word_1_232' title='bbox 2704 2949 2788 3013; x_wconf 75' lang='lat'>&#39;¹10</span> 
     </span>
    </p>
   </div>
   <div class='ocr_carea' id='block_1_33' title="bbox 2706 3588 2789 3650">
    <p class='ocr_par' dir='ltr' id='par_1_36' title="bbox 2706 3588 2789 3650">
     <span class='ocr_line' id='line_1_84' title="bbox 2706 3588 2789 3650; baseline 0.012 -1"><span class='ocrx_word' id='word_1_233' title='bbox 2706 3588 2789 3650; x_wconf 76' lang='grc'>75</span> 
     </span>
    </p>
   </div>
  </div>
 </body>
</html>
