3175 5234
420 287 466 348 2

419 472 746 539 Ooelorum
794 474 999 538 omnis
1045 472 1307 557 spiritus
1325 522 1343 554 ‚

416 572 654 642 novem
700 576 890 641 divisi
934 576 1279 660 gradibuS,

417 678 525 742 dei
570 687 932 762 praesentes
978 679 1293 759 vultibus,

419 781 579 847 meis
623 783 840 846 favete
888 783 1177 849 vocibus.

421 959 633 1024 Senes
682 961 910 1041 viginti
961 968 1236 1040 quatuor
1250 1006 1266 1038 ‚

416 1061 565 1126 haec
611 1062 863 1142 offerte,
912 1080 1057 1143 quae
1103 1061 1471 1143 deprecor,

417 1164 529 1247 qui
580 1162 846 1227 citharis
892 1170 959 1226 et
1001 1163 1237 1246 phialis

420 1266 749 1331 orationes
794 1265 1074 1330 funditis,

415 1445 942 1512 Patriarcharum
989 1446 1302 1530 dignitas,

415 1547 885 1631 prophetarum
931 1549 1312 1625 sublimitaS‚

416 1649 623 1712 vestri
667 1650 859 1731 regis·
892 1652 1263 1732 praesentiae

418 1756 627 1819 verba
670 1758 999 1838 precantis
1046 1758 1296 1821 solvite.

417 1932 752 1999 Johannes
801 1936 1040 2001 Christi
1085 1939 1405 2021 praeviuS,

421 2037 707 2120 baptista
752 2038 930 2123 regis
976 2041 1287 2125 inclytus,

415 2139 681 2224 festina,
729 2165 812 2208 ne
858 2145 1252 2228 tardaveriS,

415 2243 630 2308 lahem
677 2265 904 2312 secare
952 2250 1257 2313 vulneris

416 2423 618 2500 Quem
661 2429 883 2489 matris
931 2429 1184 2493 clausus
1228 2438 1416 2493 utero

413 2534 593 2591 motu
635 2528 862 2610 prodis
909 2547 1265 2613 corporeo,

414 2647 606 2713 quem
651 2629 1108 2697 demonstrasti
1152 2633 1391 2717 digitu,

412 2730 521 2801 fac
564 2732 911 2797 subvenire
956 2733 1210 2798 misero.

416 2910 717 2976 Goelestis
764 2916 952 2997 regni
996 2915 1323 2998 claviger,

415 3014 862 3098 apostolorum
909 3017 1214 3099 signifer,

414 3116 647 3198 Petre,
693 3119 939 3199 primus
984 3120 1049 3184 in
1097 3120 1358 3203 ordine,

410 3219 829 3301 fragilitatem
876 3223 1115 3308 aspice.

408 3397 542 3463 Per
577 3407 642 3463 te
687 3420 868 3464 mens
914 3411 1024 3467 tua
1060 3402 1315 3484 videat,

411 3501 564 3584 quid
612 3521 757 3565 sors
803 3504 1083 3567 humana
1124 3507 1372 3585 valeat,

406 3611 476 3667 et
520 3604 668 3668 dum
697 3605 805 3668 ·tui
848 3607 1244 3688 memineris,

408 3713 730 3768 memento
781 3706 973 3771 easus
1020 3706 1311 3772 hominis.
1404 3754 1415 3767 .

408 3867 503 3931 Te
540 3876 851 3949 poscente
898 3869 1304 3935 clementiam

407 3966 717 4035 entendat
763 3969 913 4032 mihi
960 3971 1330 4054 dexteram,

407 4072 517 4155 qui
561 4079 625 4135 te
673 4071 1011 4154 suspendit
1053 4072 1345 4158 flumine,
1398 4066 1405 4081 ⁴

406 4175 556 4239 dum
604 4176 716 4239 tibi
761 4174 951 4239 dixit:
1002 4174 1365 4259 „modice“!

401 4335 607 4403 Solve
652 4341 874 4405 reatfis
920 4343 1178 4408 vincula

400 4443 486 4507 ab
536 4441 663 4506 hoc
682 4432 859 4507 ‘data
902 4446 1228 4530 potentiA,

403 4539 593 4627 quem
639 4549 909 4613 verbum
955 4549 1061 4614 dei
1105 4553 1424 4635 nominaS,

403 4667 445 4710 a
491 4667 618 4735 quo
663 4651 921 4715 vocaris
967 4660 1033 4715 et
1078 4652 1357 4737 Gephas.

1584 779 1668 843 60

1585 1448 1666 1509 65

1580 2638 1662 2697 75

1574 3229 1661 3293 80

1572 3875 1660 3938 85

1572 4454 1654 4516 90

1776 469 2010 553 Paule,
2059 479 2126 534 tu
2171 470 2402 536 doctor
2446 471 2732 553 gentium

1780 579 1846 635 et
1890 570 2130 635 Christi
2175 572 2640 652 testimonium,

1778 675 1888 756 qui
1935 675 2052 738 toti
2097 675 2334 738 mundo
2379 675 2731 758 praedicaS,

1776 795 1967 861 opem
2012 778 2310 842 conferre
2358 779 2640 844 studeas,

1775 956 2142 1038 Johannes,
2181 956 2287 1021 dei
2332 959 2578 1040 gratia,

1776 1061 2027 1124 subtilis
2075 1061 2255 1125 velut
2299 1062 2516 1142 aquila
2536 1110 2553 1140 ,

1774 1162 1920 1245 ipso
1964 1182 2065 1225 me
2111 1162 2289 1225 fonte
2336 1163 2529 1244 satia,

1776 1264 1961 1349 cujus
2006 1266 2248 1348 potasti
2291 1264 2567 1329 flumina.

1776 1443 1899 1520 Qui
1943 1444 2058 1507 tibi
2103 1452 2368 1506 matrem
2418 1444 2627 1509 sociat

1776 1555 1842 1610 et
1889 1546 2036 1610 coeli
2082 1546 2303 1611 clausa
2347 1554 2633 1627 reserat,

1774 1669 1938 1713 meae
1984 1658 2216 1732 parcat
2249 1651 2555 1731 miseriae,

1773 1755 1867 1818 tui
1910 1754 2217 1836 precatds
2264 1774 2546 1818 munere.

1773 1932 2244 2017 Apostolorum
2289 1937 2523 2017 ceteri,

1775 2037 2204 2119 evangelistae
2249 2039 2391 2121 alii,

1774 2140 2232 2224 discipulorum
2280 2142 2570 2224 agmina,

1773 2243 1919 2309 haec
1949 2244 2180 2328 juvate
2226 2247 2615 2329 precamina.

1772 2425 1912 2490 Vos
1955 2428 2335 2491 innocentes
2370 2421 2585 2509 pueri,

1773 2530 1883 2611 qui
1926 2548 2049 2612 pro
2087 2529 2347 2593 Christo
2394 2526 2803 2610 truncamini,

1772 2639 1997 2696 vestra
2042 2632 2192 2696 date
2239 2630 2560 2714 subsidia,

1775 2736 1884 2818 qui
1930 2734 2250 2799 clamatis:
2303 2752 2463 2820 „nos
2507 2734 2797 2800 vindica!
2819 2730 2851 2765 ‘⁶

1774 2915 1828 2980 Ο
1872 2924 2316 2999 protomartyr
2353 2914 2715 3000 Stephane,

1774 3027 1845 3085 tu
1888 3022 2132 3104 primus
2175 3021 2241 3084 in
2285 3022 2674 3102 certamine,

1769 3125 1987 3189 haeres
2034 3126 2273 3190 sacrati
2316 3126 2619 3206 nominis,

1772 3226 2001 3291 adesto
2049 3225 2406 3291 desideriis.

1769 3403 1984 3487 Caput
2031 3402 2237 3466 nudas
2283 3402 2640 3485 lapidibus,

1770 3505 1919 3579 coeli
1964 3510 2147 3586 patet
2177 3500 2522 3586 introitus,

1768 3605 1994 3672 Jesum
2040 3614 2317 3670 stantem
2363 3607 2772 3692 consideras,

1767 3727 2038 3774 securus
2084 3709 2307 3774 hostes
2352 3711 2628 3794 toleras;

1768 3871 1983 3937 Orasti
2026 3874 2213 3939 flexis
2257 3878 2534 3957 genibus

1764 3994 1888 4060 pro
1931 3978 2201 4043 inimicis
2246 3997 2552 4062 cernuus,

1764 4098 1889 4163 pro
1934 4082 2338 4166 supplicante
2385 4084 2648 4149 servulo

1763 4183 2129 4266 intercede,
2179 4192 2242 4248 te
2286 4185 2566 4268 postulo.

1764 4345 1864 4410 'ru
1907 4353 2156 4429 martyr
2198 4347 2615 4412 invictissime
2631 4397 2648 4430 ,

1768 4448 2056 4532 Albane,
2101 4449 2204 4512 vir
2238 4450 2595 4532 mitissime,

1761 4556 1907 4640 pius
1955 4554 2185 4620 adesto
2231 4557 2494 4620 servulo

1762 4669 1828 4724 te
1876 4660 2254 4743 deprecanti
2300 4658 2546 4725 sedulo.

2949 681 3042 742 95

2899 1268 3035 1333 100

2897 1939 3036 2002 105

2899 2531 3042 2596 110

2895 3126 3037 3191 115

2893 3717 3036 3781 120

2883 4354 3030 4417 125
