3175 5234
2653 311 2741 372 49

310 485 375 536 12
412 482 523 552 qui,
557 483 655 539 Hs.
724 483 794 535 25
834 496 1087 551 quaerere
1116 482 1192 536 ist
1229 478 1345 539 fast
1381 497 1528 553 ganz
1564 482 1862 537 erloschen
1900 484 2011 538 und
2046 488 2323 543 nnsicher.
2393 489 2461 543 31
2500 490 2589 544 die
2610 506 2739 547 cnr-

134 569 291 624 siven
325 568 541 639 Sylben
588 569 715 623 sind
763 567 1175 631 durchlochert.
1273 570 1344 623 34
1392 568 1512 623 dem
1550 569 1697 624 Vers
1747 570 1855 624 und
1889 571 2063 626 Sinne
2112 576 2256 629 nach
2306 573 2453 630 fehlt
2486 576 2612 632 hier
2647 578 2740 633 ein

136 655 532 728 zweisylbiges
568 657 774 723 Wort‚
811 655 1284 711 wahrscheinlich
1320 657 1621 724 moecham,
1685 656 1795 710 wie
1833 660 1901 711 47
1938 661 2104 714 steht.
2195 664 2266 716 50
2302 663 2586 731 saliendo,
2638 664 2737 720 Hs.

136 746 201 797 53
252 743 461 813 puellae
517 743 594 797 ist
638 758 785 813 ganz
834 742 1179 813 abgerieben
1226 742 1338 797 und
1381 759 1494 798 von
1555 744 1664 799 mir
1715 745 1836 799 dem
1896 747 2229 805 Versmasse
2285 750 2430 803 nach
2481 752 2737 821 ergfinzt.

136 832 204 884 60
236 834 544 898 amputare,
578 829 673 884 Hs.

306 941 375 995 V.
409 944 497 996 27.
551 943 902 1012 agonistam,
940 943 1031 996 ein
1067 942 1389 1014 gewiihlter
1425 942 1754 1013 Ausdruck,
1788 945 1925 999 weil
1961 962 2022 1000 es
2060 946 2223 1001 keine
2263 948 2598 1018 eigentliche
2637 949 2742 1002 Be-

139 1028 443 1099 zeichnung
478 1025 573 1082 fiir
612 1028 718 1083 den
746 1029 1035 1084 Johannes
1072 1029 1199 1099 gibt
1232 1029 1320 1083 als
1359 1045 1702 1100 praecursor,
1739 1030 1917 1086 daher
1953 1034 2130 1087 schon
2157 1036 2422 1105 Anyustin.
2451 1036 2509 1089 in
2537 1050 2738 1106 evang.

135 1116 256 1170 doh.
291 1118 349 1182 4,
385 1116 434 1169 8.
473 1119 632 1186 sagt:
670 1132 784 1170 non
821 1121 948 1170 erat
982 1116 1267 1185 propheta
1301 1116 1607 1184 Johannes,
1643 1117 1833 1189 major
1871 1125 1998 1174 erat
2034 1136 2198 1189 quam
2234 1123 2529 1191 propheta.

311 1201 378 1255 V.
415 1204 502 1255 31.
551 1202 696 1257 diem
733 1202 1040 1274 passionis.
1094 1203 1383 1258 Johannes
1420 1205 1577 1274 ipse,
1629 1207 1832 1275 „illum,
1882 1205 2084 1276 inquit,
2122 1212 2324 1278 oportet
2355 1224 2616 1278 crescere,
2654 1221 2738 1261 me

138 1293 302 1344 aulem
338 1290 532 1344 mimd“
573 1289 733 1358 (soh.
762 1291 814 1358 3,
843 1292 959 1358 30).
1008 1289 1158 1359 quod
1195 1294 1253 1344 et
1290 1290 1502 1359 diebus,
1542 1290 1742 1361 quibus
1780 1293 1898 1347 nati
1932 1298 2076 1362 sunt,
2115 1300 2172 1349 et
2209 1294 2502 1362 mortibus,
2539 1292 2739 1364 quibus

137 1376 288 1447 passi
308 1379 457 1442 sunt,
495 1373 799 1447 figuratum
837 1381 939 1431 est.
980 1377 1229 1432 nascitur
1264 1394 1500 1448 namque
1537 1379 1844 1448 Johannes,
1880 1395 1951 1434 ex
1977 1397 2088 1450 qno
2118 1381 2237 1435 dies
2264 1382 2536 1452 incipiunt
2553 1378 2742 1447 minui,

44 1532 53 1541 .
140 1462 387 1518 nascitur
423 1461 702 1532 dominus,
755 1481 826 1518 ex
863 1480 977 1534 quo
1014 1463 1133 1518 dies
1168 1464 1442 1535 incipiunt
1480 1481 1754 1520 crescere.
1792 1466 1974 1537 capite
2012 1468 2112 1522 ille
2147 1468 2439 1537 minuitur,
2475 1468 2568 1522 hic
2603 1481 2746 1520 vero

140 1550 435 1604 adtollitur
471 1548 529 1603 in
566 1565 748 1604 cruce.
821 1552 1086 1620 Aaou-stin.
1123 1549 1232 1605 div.
1271 1557 1468 1621 quaest.
1500 1553 1587 1620 58,
1628 1554 1674 1606 1.

307 1638 380 1692 V.
417 1639 501 1693 63.
556 1638 705 1691 talis.
762 1639 1025 1708 Anqustin.
1061 1638 1117 1692 in
1161 1655 1362 1710 evang.
1398 1639 1525 1694 Joh.
1561 1642 1611 1707 2,
1648 1642 1697 1694 5.
1747 1655 2007 1713 magnum
2044 1643 2255 1714 aliquid
2290 1643 2399 1697 iste
2434 1642 2741 1707 Johannes,

137 1728 330 1796 ingens
381 1724 663 1793 meritum,
722 1740 928 1796 magna
972 1726 1188 1797 gratia,
1241 1740 1447 1796 magna
1484 1727 1776 1783 celsitudo.
1848 1729 2084 1798 mirare,
2142 1730 2310 1801 plane
2349 1729 2583 1796 mirare,
2639 1725 2740 1782 sed

138 1817 397 1881 tanquam
433 1817 690 1867 montem.

562 2165 735 2238 656.
803 2165 920 2235 De
967 2191 1022 2235 s.
1074 2164 1410 2247 «Iohanne
1462 2165 1766 2264 baptista
1818 2168 2306 2263 (troparium).

140 2393 194 2453 1.
236 2387 467 2456 Sancti
509 2388 825 2473 Baptistae
868 2393 1191 2474 praeconis
1599 2402 1846 2459 aeterna
1891 2393 2130 2476 gaudia

754 2556 765 2567 .
1598 2498 2035 2581 adipiscamur
2054 2547 2071 2580 ‚

145 2578 198 2642 2.
240 2576 602 2643 Sollemnia
647 2580 1055 2644 celebrantes

241 2680 535 2743 moribus
579 2680 788 2763 ipsum
834 2697 1212 2763 sequamur,
1598 2635 1737 2711 Qua
1781 2643 1986 2700 sancti
2035 2633 2142 2699 dei

1598 2738 1803 2802 sacris
1847 2737 2095 2804 deliciis

241 2814 334 2882 Ut
379 2816 465 2881 ad
501 2818 669 2880 viam
690 2864 707 2898 ‚
756 2836 944 2899 quam
989 2816 1324 2899 praedixit,
1596 2839 1730 2904 laeti
1773 2839 2203 2922 congaudent.
2656 2838 2742 2902 25

240 2920 537 2985 asseclas
581 2938 734 2985 suas
777 2919 1117 3004 perducat.
1347 2922 1387 2984 5

1493 3027 1554 3089 5.
1601 3024 1696 3089 Tu
1715 3073 1733 3107 ,
1780 3027 1889 3107 qui
1930 3045 2272 3109 praeparas

148 3106 201 3169 3·
241 3108 484 3172 Devofi
529 3116 628 3190 *02
1598 3126 1882 3191 fidelium
1929 3126 2163 3209 corda,

244 3210 650 3276 sanctissime
1202 3260 1206 3265 .

1600 3265 1700 3329 Ne
1747 3264 1900 3347 qnid
1943 3263 2203 3329 devium
2248 3266 2358 3328 vel
2401 3265 2717 3330 lubricum

240 3312 567 3377 h⁰¹¹¹¹¹¹¹¹¹¹¹
589 3359 606 3391 ²
1604 3367 1763 3432 deus
1807 3368 1873 3431 in
1919 3366 2014 3430 eis
2058 3367 2378 3442 inveniat,

243 3418 450 3481 amice
494 3416 700 3480 Jhesu
747 3414 1017 3499 Christi,

241 3520 611 3602 flagitamus
629 3567 647 3602 ,
1309 3521 1389 3584 10
1606 3504 1699 3569 Te
1743 3503 2183 3588 deposcimus,
2657 3504 2742 3567 30

243 3629 315 3686 ut
357 3621 602 3704 gaudia
1601 3616 1672 3673 ut
1715 3609 1984 3673 crimina
2026 3616 2250 3674 nostra

244 3743 367 3807 1³0¹
368 3724 699 3806 cipiamm·
1603 3742 1691 3807 Et
1733 3727 2023 3808 facinora
2068 3740 2370 3808 continua

245 3857 602 3944 Apparen‘s
652 3879 797 3943 quae
1599 3864 1801 3928 prece
1846 3844 2110 3910 studeas
2155 3845 2536 3924 absolvere,

246 3962 589 4028 Zachariae
2068 4031 2081 4045 ·

248 4064 516 4131 Gabriel
1309 4068 1391 4131 15
1495 4040 1556 4101 6.
1599 4033 1906 4099 Placatus
1950 4039 2022 4096 ut
2063 4050 2205 4114 ipse
2251 4048 2404 4095 suos

245 4168 647 4251 repromisit,
694 4169 803 4251 qui
843 4177 1016 4234 tuam
1603 4154 1862 4219 semper
1904 4134 2188 4198 invisere
2233 4131 2464 4195 fideles
2658 4133 2745 4196 35

250 4272 659 4336 celebrarent
1598 4272 1685 4338 Et
1727 4272 2121 4336 mansionem
2163 4269 2229 4332 in
2275 4268 2371 4332 eis

250 4374 579 4456 ⁰b⁸0q¹ffi⁸
1603 4378 1824 4441 facere
1870 4373 2171 4457 dignetur
2187 4420 2204 4455 ,

246 4476 668 4539 nativitatem.

1501 4571 1563 4633 7.
1607 4565 1695 4631 Et
1735 4564 1893 4648 agni
1935 4563 2216 4645 vellere,

154 4662 210 4722 4.
259 4661 345 4727 Et
383 4684 507 4748 per
550 4664 697 4731 haec
743 4664 912 4730 festa
1311 4668 1396 4732 20
1606 4688 1794 4751 quem
1838 4675 1949 4735 tuo
1996 4666 2202 4750 digito

233 4790 398 4844 none,
431 4793 603 4840 mein.
636 4795 881 4851 Hymuen.
927 4794 1017 4841 111.
2296 4770 2340 4832 4
