<?xml version="1.0" encoding="UTF-8"?>
<!DOCTYPE html PUBLIC "-//W3C//DTD XHTML 1.0 Transitional//EN"
    "http://www.w3.org/TR/xhtml1/DTD/xhtml1-transitional.dtd">
<html xmlns="http://www.w3.org/1999/xhtml" xml:lang="en" lang="en">
 <head>
  <title>
</title>
<meta http-equiv="Content-Type" content="text/html;charset=utf-8" />
  <meta name='ocr-system' content='tesseract 3.04.00' />
  <meta name='ocr-capabilities' content='ocr_page ocr_carea ocr_par ocr_line ocrx_word'/>
</head>
<body>
  <div class='ocr_page' id='page_1' title='image "./lateinischehymn04monegoog_0317.png"; bbox 0 0 3175 5234; ppageno 0'>
   <div class='ocr_carea' id='block_1_1' title="bbox 200 249 2827 512">
    <p class='ocr_par' dir='ltr' id='par_1_1' title="bbox 200 249 2827 512">
     <span class='ocr_line' id='line_1_1' title="bbox 2687 249 2827 334; baseline 0 0"><span class='ocrx_word' id='word_1_1' title='bbox 2687 249 2827 334; x_wconf 56' lang='grc' dir='ltr'><strong>Μ</strong></span> 
     </span>
     <span class='ocr_line' id='line_1_2' title="bbox 200 416 2821 512; baseline 0 -23"><span class='ocrx_word' id='word_1_2' title='bbox 200 429 312 489; x_wconf 68' lang='lat' dir='ltr'><strong>aar</strong></span> <span class='ocrx_word' id='word_1_3' title='bbox 335 431 426 486; x_wconf 69' lang='lat' dir='ltr'><strong>aio</strong></span> <span class='ocrx_word' id='word_1_4' title='bbox 463 430 516 485; x_wconf 67' lang='lat' dir='ltr'><strong>a</strong></span> <span class='ocrx_word' id='word_1_5' title='bbox 551 429 866 488; x_wconf 69' lang='lat' dir='ltr'><strong>marina</strong></span> <span class='ocrx_word' id='word_1_6' title='bbox 897 428 1007 484; x_wconf 74' lang='lat' dir='ltr'><strong>No.</strong></span> <span class='ocrx_word' id='word_1_7' title='bbox 1027 429 1166 486; x_wconf 65' lang='lat' dir='ltr'><strong>aaa.</strong></span> <span class='ocrx_word' id='word_1_8' title='bbox 1206 429 1347 488; x_wconf 83' lang='lat'><strong>1000</strong></span> <span class='ocrx_word' id='word_1_9' title='bbox 1383 428 1637 488; x_wconf 53' lang='lat' dir='ltr'><strong>sevi-»10</strong></span> <span class='ocrx_word' id='word_1_10' title='bbox 1670 428 2085 497; x_wconf 72' lang='lat' dir='ltr'><strong>Aehnliehkeit,</strong></span> <span class='ocrx_word' id='word_1_11' title='bbox 2122 429 2252 494; x_wconf 61' lang='lat' dir='ltr'><strong>dass</strong></span> <span class='ocrx_word' id='word_1_12' title='bbox 2270 429 2377 484; x_wconf 68' lang='lat' dir='ltr'><strong>‚aio</strong></span> <span class='ocrx_word' id='word_1_13' title='bbox 2404 416 2821 512; x_wconf 49' lang='lat' dir='ltr'><strong>Numnam</strong></span> 
     </span>
    </p>
   </div>
   <div class='ocr_carea' id='block_1_2' title="bbox 201 514 2293 710">
    <p class='ocr_par' dir='ltr' id='par_1_2' title="bbox 201 514 2293 710">
     <span class='ocr_line' id='line_1_3' title="bbox 201 514 2293 594; baseline -0.004 -20"><span class='ocrx_word' id='word_1_14' title='bbox 201 519 303 575; x_wconf 76' lang='lat' dir='ltr'><strong>des</strong></span> <span class='ocrx_word' id='word_1_15' title='bbox 338 518 501 573; x_wconf 89' lang='lat' dir='ltr'><strong>einen</strong></span> <span class='ocrx_word' id='word_1_16' title='bbox 538 515 677 571; x_wconf 88' lang='lat' dir='ltr'><strong>oder</strong></span> <span class='ocrx_word' id='word_1_17' title='bbox 714 515 930 570; x_wconf 90' lang='lat' dir='ltr'><strong>andern</strong></span> <span class='ocrx_word' id='word_1_18' title='bbox 967 515 1120 570; x_wconf 85' lang='lat' dir='ltr'><strong>nicht</strong></span> <span class='ocrx_word' id='word_1_19' title='bbox 1154 532 1225 569; x_wconf 85' lang='lat' dir='ltr'><strong>zu</strong></span> <span class='ocrx_word' id='word_1_20' title='bbox 1259 514 1580 570; x_wconf 83' lang='lat' dir='ltr'><strong>verkennen</strong></span> <span class='ocrx_word' id='word_1_21' title='bbox 1618 516 1717 570; x_wconf 84' lang='lat' dir='ltr'><strong>ist.</strong></span> <span class='ocrx_word' id='word_1_22' title='bbox 2288 589 2293 594; x_wconf 11' lang='grc' dir='ltr'>ὁ</span> 
     </span>
     <span class='ocr_line' id='line_1_4' title="bbox 382 637 2209 710; baseline -0.001 -17"><span class='ocrx_word' id='word_1_23' title='bbox 382 644 446 694; x_wconf 86' lang='grc'><strong>11</strong></span> <span class='ocrx_word' id='word_1_24' title='bbox 485 646 548 695; x_wconf 87' lang='lat' dir='ltr'><strong>ut</strong></span> <span class='ocrx_word' id='word_1_25' title='bbox 587 670 650 680; x_wconf 88' lang='lat'>-</span> <span class='ocrx_word' id='word_1_26' title='bbox 689 644 863 708; x_wconf 81' lang='lat' dir='ltr'><strong>tante,</strong></span> <span class='ocrx_word' id='word_1_27' title='bbox 899 639 997 696; x_wconf 70' lang='lat'><strong>11³.</strong></span> <span class='ocrx_word' id='word_1_28' title='bbox 1067 638 1138 692; x_wconf 83' lang='lat'><strong>28</strong></span> <span class='ocrx_word' id='word_1_29' title='bbox 1171 637 1584 710; x_wconf 44' lang='lat' dir='ltr'><strong>praemagna.</strong></span> <span class='ocrx_word' id='word_1_30' title='bbox 1653 640 1725 692; x_wconf 79' lang='lat'><strong>37</strong></span> <span class='ocrx_word' id='word_1_31' title='bbox 1762 639 1866 694; x_wconf 84' lang='lat' dir='ltr'><strong>tibi</strong></span> <span class='ocrx_word' id='word_1_32' title='bbox 1900 638 1940 694; x_wconf 81' lang='lat' dir='ltr'><strong>f.</strong></span> <span class='ocrx_word' id='word_1_33' title='bbox 1975 640 2067 708; x_wconf 86' lang='lat' dir='ltr'><strong>sit,</strong></span> <span class='ocrx_word' id='word_1_34' title='bbox 2105 639 2209 695; x_wconf 82' lang='lat' dir='ltr'><strong>Hs.</strong></span> 
     </span>
    </p>
   </div>
   <div class='ocr_carea' id='block_1_3' title="bbox 200 755 2802 902">
    <p class='ocr_par' dir='ltr' id='par_1_3' title="bbox 200 755 2802 902">
     <span class='ocr_line' id='line_1_5' title="bbox 200 755 2802 902; baseline 0.002 -91"><span class='ocrx_word' id='word_1_35' title='bbox 200 845 341 902; x_wconf 55' lang='lat' dir='ltr'><strong>beth</strong></span> <span class='ocrx_word' id='word_1_36' title='bbox 377 757 442 812; x_wconf 89' lang='lat' dir='ltr'><strong>v.</strong></span> <span class='ocrx_word' id='word_1_37' title='bbox 491 759 742 812; x_wconf 70' lang='lat'><strong>37-42.</strong></span> <span class='ocrx_word' id='word_1_38' title='bbox 813 755 978 816; x_wconf 67' lang='lat' dir='ltr'><strong>nim</strong></span> <span class='ocrx_word' id='word_1_39' title='bbox 1012 756 1371 829; x_wconf 68' lang='grc' dir='ltr'><strong>κιᾱεειτομιιο</strong></span> <span class='ocrx_word' id='word_1_40' title='bbox 1415 756 1629 816; x_wconf 68' lang='lat' dir='ltr'><strong>kemut</strong></span> <span class='ocrx_word' id='word_1_41' title='bbox 1656 758 1822 813; x_wconf 72' lang='lat' dir='ltr'><strong>-aueh</strong></span> <span class='ocrx_word' id='word_1_42' title='bbox 1856 756 1916 812; x_wconf 70' lang='lat' dir='ltr'><strong>in</strong></span> <span class='ocrx_word' id='word_1_43' title='bbox 1953 757 2060 816; x_wconf 73' lang='lat' dir='ltr'><strong>No.</strong></span> <span class='ocrx_word' id='word_1_44' title='bbox 2087 758 2211 814; x_wconf 71' lang='lat'><strong>9⁰5.</strong></span> <span class='ocrx_word' id='word_1_45' title='bbox 2256 758 2364 816; x_wconf 68' lang='lat' dir='ltr'><strong>uf</strong></span> <span class='ocrx_word' id='word_1_46' title='bbox 2404 759 2495 818; x_wconf 70' lang='lat' dir='ltr'><strong>die</strong></span> <span class='ocrx_word' id='word_1_47' title='bbox 2528 760 2584 814; x_wconf 78' lang='lat' dir='ltr'><strong>h.</strong></span> <span class='ocrx_word' id='word_1_48' title='bbox 2618 758 2802 816; x_wconf 68' lang='lat' dir='ltr'><strong>Elian-</strong></span> 
     </span>
     <span class='ocr_line' id='line_1_6' title="bbox 375 861 499 899; baseline 0.008 -1"><span class='ocrx_word' id='word_1_49' title='bbox 375 861 499 899; x_wconf 67' lang='lat' dir='ltr'><strong>vor.</strong></span> 
     </span>
    </p>
   </div>
   <div class='ocr_carea' id='block_1_4' title="bbox 1012 1097 2011 1204">
    <p class='ocr_par' dir='ltr' id='par_1_4' title="bbox 1012 1097 2011 1204">
     <span class='ocr_line' id='line_1_7' title="bbox 1012 1097 2011 1204; baseline -0.004 0"><span class='ocrx_word' id='word_1_50' title='bbox 1012 1097 1187 1204; x_wconf 64' lang='lat'><strong>895.</strong></span> <span class='ocrx_word' id='word_1_51' title='bbox 1266 1124 1391 1202; x_wconf 74' lang='lat' dir='ltr'><strong>Ad</strong></span> <span class='ocrx_word' id='word_1_52' title='bbox 1444 1153 1497 1202; x_wconf 69' lang='grc' dir='ltr'><strong>ι.</strong></span> <span class='ocrx_word' id='word_1_53' title='bbox 1548 1127 2011 1202; x_wconf 66' lang='lat' dir='ltr'><strong>Dorotheum.</strong></span> 
     </span>
    </p>
   </div>
   <div class='ocr_carea' id='block_1_5' title="bbox 85 1310 2912 4714">
    <p class='ocr_par' dir='ltr' id='par_1_5' title="bbox 203 1310 2809 1898">
     <span class='ocr_line' id='line_1_8' title="bbox 205 1310 2641 1400; baseline 0.002 -23"><span class='ocrx_word' id='word_1_54' title='bbox 205 1310 409 1378; x_wconf 78' lang='lat' dir='ltr'><strong>Salve</strong></span> <span class='ocrx_word' id='word_1_55' title='bbox 456 1319 681 1378; x_wconf 85' lang='lat' dir='ltr'><strong>sancta</strong></span> <span class='ocrx_word' id='word_1_56' title='bbox 723 1312 1087 1396; x_wconf 88' lang='lat' dir='ltr'><strong>Dorothea,</strong></span> <span class='ocrx_word' id='word_1_57' title='bbox 1560 1311 1765 1377; x_wconf 85' lang='lat' dir='ltr'><strong>Salve</strong></span> <span class='ocrx_word' id='word_1_58' title='bbox 1808 1311 2088 1397; x_wconf 89' lang='lat' dir='ltr'><strong>pulchra</strong></span> <span class='ocrx_word' id='word_1_59' title='bbox 2133 1311 2371 1380; x_wconf 82' lang='lat' dir='ltr'><strong>Christi</strong></span> <span class='ocrx_word' id='word_1_60' title='bbox 2417 1336 2641 1400; x_wconf 75' lang='lat' dir='ltr'><strong>verna,</strong></span> 
     </span>
     <span class='ocr_line' id='line_1_9' title="bbox 204 1417 2809 1501; baseline 0.001 -19"><span class='ocrx_word' id='word_1_61' title='bbox 204 1417 354 1482; x_wconf 88' lang='lat' dir='ltr'><strong>audi</strong></span> <span class='ocrx_word' id='word_1_62' title='bbox 400 1435 624 1499; x_wconf 80' lang='lat' dir='ltr'><strong>quaeso</strong></span> <span class='ocrx_word' id='word_1_63' title='bbox 668 1424 824 1481; x_wconf 88' lang='lat' dir='ltr'><strong>vota</strong></span> <span class='ocrx_word' id='word_1_64' title='bbox 867 1437 1009 1482; x_wconf 90' lang='lat' dir='ltr'><strong>mea</strong></span> <span class='ocrx_word' id='word_1_65' title='bbox 1024 1433 1048 1500; x_wconf 86' lang='lat'><strong>·‚</strong></span> <span class='ocrx_word' id='word_1_66' title='bbox 1559 1417 1877 1482; x_wconf 81' lang='lat' dir='ltr'><strong>castitatis</strong></span> <span class='ocrx_word' id='word_1_67' title='bbox 1922 1425 1993 1482; x_wconf 83' lang='lat' dir='ltr'><strong>tu</strong></span> <span class='ocrx_word' id='word_1_68' title='bbox 2034 1418 2335 1501; x_wconf 85' lang='lat' dir='ltr'><strong>lucerua,</strong></span> <span class='ocrx_word' id='word_1_69' title='bbox 2724 1421 2809 1485; x_wconf 79' lang='lat'><strong>30</strong></span> 
     </span>
     <span class='ocr_line' id='line_1_10' title="bbox 205 1503 2577 1602; baseline -0 -17"><span class='ocrx_word' id='word_1_70' title='bbox 205 1520 291 1586; x_wconf 88' lang='lat' dir='ltr'><strong>da</strong></span> <span class='ocrx_word' id='word_1_71' title='bbox 335 1520 589 1584; x_wconf 90' lang='lat' dir='ltr'><strong>sincere</strong></span> <span class='ocrx_word' id='word_1_72' title='bbox 635 1540 935 1585; x_wconf 86' lang='lat' dir='ltr'><strong>reserare</strong></span> <span class='ocrx_word' id='word_1_73' title='bbox 1108 1503 1112 1508; x_wconf 35' lang='lat'><em>⁹</em></span> <span class='ocrx_word' id='word_1_74' title='bbox 1557 1525 1632 1583; x_wconf 85' lang='lat' dir='ltr'><strong>ut</strong></span> <span class='ocrx_word' id='word_1_75' title='bbox 1675 1518 1927 1584; x_wconf 83' lang='lat' dir='ltr'><strong>coelesti</strong></span> <span class='ocrx_word' id='word_1_76' title='bbox 1972 1517 2436 1602; x_wconf 79' lang='lat' dir='ltr'><strong>perfundamur</strong></span> <span class='ocrx_word' id='word_1_77' title='bbox 2574 1519 2577 1524; x_wconf 83' lang='grc'><strong><em>’</em></strong></span> 
     </span>
     <span class='ocr_line' id='line_1_11' title="bbox 203 1622 2416 1706; baseline -0.001 -16"><span class='ocrx_word' id='word_1_78' title='bbox 203 1635 352 1690; x_wconf 86' lang='lat' dir='ltr'><strong>tuas</strong></span> <span class='ocrx_word' id='word_1_79' title='bbox 393 1624 625 1691; x_wconf 90' lang='lat' dir='ltr'><strong>laudes</strong></span> <span class='ocrx_word' id='word_1_80' title='bbox 669 1633 736 1690; x_wconf 87' lang='lat' dir='ltr'><strong>et</strong></span> <span class='ocrx_word' id='word_1_81' title='bbox 781 1643 989 1690; x_wconf 89' lang='lat' dir='ltr'><strong>orare.</strong></span> <span class='ocrx_word' id='word_1_82' title='bbox 1560 1622 1862 1687; x_wconf 82' lang='lat' dir='ltr'><strong>unctione</strong></span> <span class='ocrx_word' id='word_1_83' title='bbox 1878 1670 1895 1703; x_wconf 95' lang='lat'>‚</span> <span class='ocrx_word' id='word_1_84' title='bbox 1943 1629 2011 1687; x_wconf 87' lang='lat' dir='ltr'><strong>te</strong></span> <span class='ocrx_word' id='word_1_85' title='bbox 2057 1640 2416 1706; x_wconf 81' lang='lat' dir='ltr'>precamur.</span> 
     </span>
     <span class='ocr_line' id='line_1_12' title="bbox 203 1810 2437 1898; baseline -0.002 -19"><span class='ocrx_word' id='word_1_86' title='bbox 203 1811 406 1879; x_wconf 85' lang='lat' dir='ltr'><strong>Salve</strong></span> <span class='ocrx_word' id='word_1_87' title='bbox 450 1814 642 1898; x_wconf 87' lang='lat' dir='ltr'><strong>virgo</strong></span> <span class='ocrx_word' id='word_1_88' title='bbox 687 1813 1013 1896; x_wconf 89' lang='lat' dir='ltr'><strong>gloriosa,</strong></span> <span class='ocrx_word' id='word_1_89' title='bbox 1416 1817 1455 1877; x_wconf 89' lang='grc'><strong>5</strong></span> <span class='ocrx_word' id='word_1_90' title='bbox 1558 1810 1689 1878; x_wconf 81' lang='lat' dir='ltr'><strong>Per</strong></span> <span class='ocrx_word' id='word_1_91' title='bbox 1733 1818 1799 1875; x_wconf 89' lang='lat' dir='ltr'><strong>te</strong></span> <span class='ocrx_word' id='word_1_92' title='bbox 1844 1810 2032 1875; x_wconf 86' lang='lat' dir='ltr'><strong>nobis</strong></span> <span class='ocrx_word' id='word_1_93' title='bbox 2076 1810 2437 1895; x_wconf 87' lang='lat' dir='ltr'><strong>impetrari,</strong></span> 
     </span>
    </p>

    <p class='ocr_par' dir='ltr' id='par_1_6' title="bbox 85 1910 2912 4714">
     <span class='ocr_line' id='line_1_13' title="bbox 85 1910 2477 2000; baseline -0.001 -20"><span class='ocrx_word' id='word_1_94' title='bbox 85 1934 98 1944; x_wconf 90' lang='lat'><strong>·</strong></span> <span class='ocrx_word' id='word_1_95' title='bbox 202 1917 375 1981; x_wconf 85' lang='lat' dir='ltr'><strong>intus</strong></span> <span class='ocrx_word' id='word_1_96' title='bbox 419 1922 608 1978; x_wconf 85' lang='lat' dir='ltr'><strong>extra</strong></span> <span class='ocrx_word' id='word_1_97' title='bbox 649 1915 950 2000; x_wconf 83' lang='lat' dir='ltr'><strong>speciosa</strong></span> <span class='ocrx_word' id='word_1_98' title='bbox 971 1963 990 1998; x_wconf 92' lang='lat'>‚</span> <span class='ocrx_word' id='word_1_99' title='bbox 1560 1910 1794 1997; x_wconf 85' lang='lat' dir='ltr'><strong>Stygis</strong></span> <span class='ocrx_word' id='word_1_100' title='bbox 1837 1914 1990 1995; x_wconf 87' lang='lat' dir='ltr'><strong>igne</strong></span> <span class='ocrx_word' id='word_1_101' title='bbox 2034 1931 2157 1978; x_wconf 88' lang='lat' dir='ltr'><strong>nec</strong></span> <span class='ocrx_word' id='word_1_102' title='bbox 2202 1915 2477 1979; x_wconf 86' lang='lat' dir='ltr'><strong>cremari</strong></span> 
     </span>
     <span class='ocr_line' id='line_1_14' title="bbox 193 2002 2812 2102; baseline -0.002 -18"><span class='ocrx_word' id='word_1_103' title='bbox 193 2002 274 2084; x_wconf 70' lang='lat' dir='ltr'><strong>‘te</strong></span> <span class='ocrx_word' id='word_1_104' title='bbox 320 2036 654 2101; x_wconf 69' lang='lat' dir='ltr'><strong>rogamuS,</strong></span> <span class='ocrx_word' id='word_1_105' title='bbox 699 2017 891 2102; x_wconf 86' lang='lat' dir='ltr'><strong>virgo</strong></span> <span class='ocrx_word' id='word_1_106' title='bbox 942 2024 1155 2101; x_wconf 84' lang='lat' dir='ltr'><strong>casta,</strong></span> <span class='ocrx_word' id='word_1_107' title='bbox 1559 2033 1681 2080; x_wconf 84' lang='lat' dir='ltr'><strong>nos</strong></span> <span class='ocrx_word' id='word_1_108' title='bbox 1724 2016 2055 2098; x_wconf 85' lang='lat' dir='ltr'><strong>permittat</strong></span> <span class='ocrx_word' id='word_1_109' title='bbox 2098 2036 2264 2100; x_wconf 84' lang='lat' dir='ltr'><strong>puer</strong></span> <span class='ocrx_word' id='word_1_110' title='bbox 2305 2015 2415 2079; x_wconf 91' lang='lat' dir='ltr'><strong>ille</strong></span> <span class='ocrx_word' id='word_1_111' title='bbox 2712 2017 2812 2102; x_wconf 82' lang='grc'><strong>35</strong></span> 
     </span>
     <span class='ocr_line' id='line_1_15' title="bbox 203 2119 2390 2204; baseline -0.003 -16"><span class='ocrx_word' id='word_1_112' title='bbox 203 2121 423 2204; x_wconf 83' lang='lat' dir='ltr'><strong>firma,</strong></span> <span class='ocrx_word' id='word_1_113' title='bbox 469 2130 808 2204; x_wconf 87' lang='lat' dir='ltr'><strong>constans,</strong></span> <span class='ocrx_word' id='word_1_114' title='bbox 853 2123 1040 2188; x_wconf 88' lang='lat' dir='ltr'><strong>nobis</strong></span> <span class='ocrx_word' id='word_1_115' title='bbox 1087 2130 1231 2190; x_wconf 88' lang='lat' dir='ltr'><strong>asta</strong></span> <span class='ocrx_word' id='word_1_116' title='bbox 1562 2120 1895 2202; x_wconf 89' lang='lat' dir='ltr'><strong>speciosus</strong></span> <span class='ocrx_word' id='word_1_117' title='bbox 1941 2137 2138 2202; x_wconf 90' lang='lat' dir='ltr'><strong>super</strong></span> <span class='ocrx_word' id='word_1_118' title='bbox 2183 2119 2390 2202; x_wconf 90' lang='lat' dir='ltr'><strong>mille,</strong></span> 
     </span>
     <span class='ocr_line' id='line_1_16' title="bbox 203 2307 2423 2398; baseline -0 -21"><span class='ocrx_word' id='word_1_119' title='bbox 203 2307 383 2377; x_wconf 85' lang='lat' dir='ltr'><strong>Ante</strong></span> <span class='ocrx_word' id='word_1_120' title='bbox 428 2310 618 2376; x_wconf 91' lang='lat' dir='ltr'><strong>deum</strong></span> <span class='ocrx_word' id='word_1_121' title='bbox 663 2311 772 2378; x_wconf 70' lang='lat' dir='ltr'><strong>tua</strong></span> <span class='ocrx_word' id='word_1_122' title='bbox 815 2334 1042 2398; x_wconf 90' lang='lat' dir='ltr'><strong>prece,</strong></span> <span class='ocrx_word' id='word_1_123' title='bbox 1563 2312 1705 2377; x_wconf 81' lang='lat' dir='ltr'><strong>&#39;ribi</strong></span> <span class='ocrx_word' id='word_1_124' title='bbox 1748 2331 1937 2378; x_wconf 85' lang='lat' dir='ltr'><strong>rosas</strong></span> <span class='ocrx_word' id='word_1_125' title='bbox 1984 2313 2091 2396; x_wconf 91' lang='lat' dir='ltr'><strong>qui</strong></span> <span class='ocrx_word' id='word_1_126' title='bbox 2135 2313 2423 2397; x_wconf 85' lang='lat' dir='ltr'><strong>portavit</strong></span> 
     </span>
     <span class='ocr_line' id='line_1_17' title="bbox 204 2414 2346 2494; baseline -0 -15"><span class='ocrx_word' id='word_1_127' title='bbox 204 2435 289 2480; x_wconf 84' lang='lat' dir='ltr'><strong>ne</strong></span> <span class='ocrx_word' id='word_1_128' title='bbox 337 2414 787 2483; x_wconf 78' lang='lat' dir='ltr'>delectamenti</span> <span class='ocrx_word' id='word_1_129' title='bbox 830 2419 996 2485; x_wconf 80' lang='lat' dir='ltr'><strong>faece</strong></span> <span class='ocrx_word' id='word_1_130' title='bbox 1379 2422 1462 2494; x_wconf 76' lang='lat'><strong>10</strong></span> <span class='ocrx_word' id='word_1_131' title='bbox 1563 2423 1631 2479; x_wconf 91' lang='lat' dir='ltr'><strong>et</strong></span> <span class='ocrx_word' id='word_1_132' title='bbox 1674 2418 1758 2479; x_wconf 87' lang='lat' dir='ltr'><strong>ab</strong></span> <span class='ocrx_word' id='word_1_133' title='bbox 1805 2433 1921 2479; x_wconf 90' lang='lat' dir='ltr'><strong>esu</strong></span> <span class='ocrx_word' id='word_1_134' title='bbox 1965 2414 2346 2480; x_wconf 85' lang='lat' dir='ltr'><strong>defensavit.</strong></span> 
     </span>
     <span class='ocr_line' id='line_1_18' title="bbox 204 2513 2446 2610; baseline 0 -28"><span class='ocrx_word' id='word_1_135' title='bbox 204 2518 511 2584; x_wconf 79' lang='lat' dir='ltr'><strong>mundiali</strong></span> <span class='ocrx_word' id='word_1_136' title='bbox 555 2521 992 2610; x_wconf 78' lang='lat' dir='ltr'><strong>sordidemur,</strong></span> <span class='ocrx_word' id='word_1_137' title='bbox 1151 2519 1156 2527; x_wconf 85' lang='lat'>&#39;</span> <span class='ocrx_word' id='word_1_138' title='bbox 1562 2516 1765 2584; x_wconf 84' lang='lat' dir='ltr'><strong>Salve</strong></span> <span class='ocrx_word' id='word_1_139' title='bbox 1810 2539 2067 2602; x_wconf 88' lang='lat' dir='ltr'><strong>gemma</strong></span> <span class='ocrx_word' id='word_1_140' title='bbox 2114 2513 2446 2606; x_wconf 74' lang='lat' dir='ltr'><strong>speciosa,</strong></span> 
     </span>
     <span class='ocr_line' id='line_1_19' title="bbox 206 2613 2912 2714; baseline -0.001 -27"><span class='ocrx_word' id='word_1_141' title='bbox 206 2621 501 2687; x_wconf 83' lang='lat' dir='ltr'><strong>castitate</strong></span> <span class='ocrx_word' id='word_1_142' title='bbox 545 2622 659 2686; x_wconf 90' lang='lat' dir='ltr'><strong>sed</strong></span> <span class='ocrx_word' id='word_1_143' title='bbox 707 2622 1062 2710; x_wconf 87' lang='lat' dir='ltr'><strong>firmemur,</strong></span> <span class='ocrx_word' id='word_1_144' title='bbox 1563 2622 1851 2708; x_wconf 75' lang='lat' dir='ltr'><strong>paradisi</strong></span> <span class='ocrx_word' id='word_1_145' title='bbox 1894 2641 2175 2688; x_wconf 85' lang='lat' dir='ltr'><strong>vernans</strong></span> <span class='ocrx_word' id='word_1_146' title='bbox 2222 2640 2390 2686; x_wconf 85' lang='lat' dir='ltr'><strong>rosa.</strong></span> <span class='ocrx_word' id='word_1_147' title='bbox 2733 2620 2816 2714; x_wconf 66' lang='lat'><strong>40</strong></span> <span class='ocrx_word' id='word_1_148' title='bbox 2888 2613 2912 2629; x_wconf 81' lang='grc'><strong><em>’</em></strong></span> 
     </span>
     <span class='ocr_line' id='line_1_20' title="bbox 205 2803 2440 2900; baseline 0.001 -27"><span class='ocrx_word' id='word_1_149' title='bbox 205 2807 291 2874; x_wconf 82' lang='lat' dir='ltr'><strong>Et</strong></span> <span class='ocrx_word' id='word_1_150' title='bbox 331 2810 398 2874; x_wconf 91' lang='lat' dir='ltr'><strong>in</strong></span> <span class='ocrx_word' id='word_1_151' title='bbox 441 2803 572 2874; x_wconf 84' lang='lat' dir='ltr'><strong>fide</strong></span> <span class='ocrx_word' id='word_1_152' title='bbox 619 2813 911 2878; x_wconf 88' lang='lat' dir='ltr'><strong>roborati</strong></span> <span class='ocrx_word' id='word_1_153' title='bbox 1564 2810 1766 2879; x_wconf 88' lang='lat' dir='ltr'><strong>Salve</strong></span> <span class='ocrx_word' id='word_1_154' title='bbox 1810 2813 2052 2896; x_wconf 81' lang='lat' dir='ltr'><strong>virgo‚.</strong></span> <span class='ocrx_word' id='word_1_155' title='bbox 2079 2812 2440 2900; x_wconf 88' lang='lat' dir='ltr'><strong>deprecare</strong></span> 
     </span>
     <span class='ocr_line' id='line_1_21' title="bbox 205 2911 2546 2997; baseline 0.002 -24"><span class='ocrx_word' id='word_1_156' title='bbox 205 2930 329 2995; x_wconf 81' lang='lat' dir='ltr'><strong>per</strong></span> <span class='ocrx_word' id='word_1_157' title='bbox 372 2919 437 2975; x_wconf 89' lang='lat' dir='ltr'><strong>te</strong></span> <span class='ocrx_word' id='word_1_158' title='bbox 481 2911 677 2978; x_wconf 83' lang='lat' dir='ltr'><strong>simus</strong></span> <span class='ocrx_word' id='word_1_159' title='bbox 724 2912 850 2979; x_wconf 91' lang='lat' dir='ltr'><strong>deo</strong></span> <span class='ocrx_word' id='word_1_160' title='bbox 893 2917 1085 2997; x_wconf 88' lang='lat' dir='ltr'><strong>grati.</strong></span> <span class='ocrx_word' id='word_1_161' title='bbox 1562 2914 1849 2981; x_wconf 81' lang='lat' dir='ltr'><strong>Jhesnm.</strong></span> <span class='ocrx_word' id='word_1_162' title='bbox 1878 2913 2200 2980; x_wconf 86' lang='lat' dir='ltr'><strong>Christum</strong></span> <span class='ocrx_word' id='word_1_163' title='bbox 2216 2962 2236 2995; x_wconf 89' lang='lat'><strong>,</strong></span> <span class='ocrx_word' id='word_1_164' title='bbox 2280 2914 2546 2979; x_wconf 86' lang='lat' dir='ltr'><strong>visitare</strong></span> 
     </span>
     <span class='ocr_line' id='line_1_22' title="bbox 207 3014 2348 3102; baseline 0 -22"><span class='ocrx_word' id='word_1_165' title='bbox 207 3014 392 3080; x_wconf 80' lang='lat' dir='ltr'><strong>salve</strong></span> <span class='ocrx_word' id='word_1_166' title='bbox 434 3024 668 3098; x_wconf 90' lang='lat' dir='ltr'><strong>potens</strong></span> <span class='ocrx_word' id='word_1_167' title='bbox 715 3016 1067 3102; x_wconf 84' lang='lat' dir='ltr'><strong>advocata,</strong></span> <span class='ocrx_word' id='word_1_168' title='bbox 1377 3024 1455 3085; x_wconf 87' lang='lat'><strong>15</strong></span> <span class='ocrx_word' id='word_1_169' title='bbox 1562 3027 1635 3082; x_wconf 87' lang='lat' dir='ltr'><strong>ut</strong></span> <span class='ocrx_word' id='word_1_170' title='bbox 1678 3034 1797 3082; x_wconf 89' lang='lat' dir='ltr'><strong>nos</strong></span> <span class='ocrx_word' id='word_1_171' title='bbox 1843 3017 2002 3082; x_wconf 85' lang='lat' dir='ltr'><strong>velit</strong></span> <span class='ocrx_word' id='word_1_172' title='bbox 2047 3016 2348 3081; x_wconf 83' lang='lat' dir='ltr'><strong>anxiatos</strong></span> 
     </span>
     <span class='ocr_line' id='line_1_23' title="bbox 203 3118 2430 3206; baseline 0.001 -25"><span class='ocrx_word' id='word_1_173' title='bbox 203 3118 399 3201; x_wconf 76' lang='lat' dir='ltr'><strong>virgo</strong></span> <span class='ocrx_word' id='word_1_174' title='bbox 442 3128 699 3205; x_wconf 89' lang='lat' dir='ltr'><strong>sancta,</strong></span> <span class='ocrx_word' id='word_1_175' title='bbox 745 3121 874 3186; x_wconf 87' lang='lat' dir='ltr'><strong>deo</strong></span> <span class='ocrx_word' id='word_1_176' title='bbox 916 3131 1124 3206; x_wconf 86' lang='lat' dir='ltr'><strong>grata.</strong></span> <span class='ocrx_word' id='word_1_177' title='bbox 1564 3130 1633 3187; x_wconf 87' lang='lat' dir='ltr'><strong>et</strong></span> <span class='ocrx_word' id='word_1_178' title='bbox 1672 3120 1740 3185; x_wconf 90' lang='lat' dir='ltr'><strong>in</strong></span> <span class='ocrx_word' id='word_1_179' title='bbox 1782 3121 1993 3204; x_wconf 87' lang='lat' dir='ltr'><strong>poenis</strong></span> <span class='ocrx_word' id='word_1_180' title='bbox 2038 3127 2430 3186; x_wconf 72' lang='lat' dir='ltr'><strong>carceratos.</strong></span> 
     </span>
     <span class='ocr_line' id='line_1_24' title="bbox 207 3304 2816 3386; baseline -0.001 -15"><span class='ocrx_word' id='word_1_181' title='bbox 207 3305 347 3372; x_wconf 84' lang='lat' dir='ltr'><strong>Tua</strong></span> <span class='ocrx_word' id='word_1_182' title='bbox 389 3307 857 3373; x_wconf 84' lang='lat' dir='ltr'><strong>intercessione</strong></span> <span class='ocrx_word' id='word_1_183' title='bbox 1566 3305 1703 3374; x_wconf 75' lang='lat' dir='ltr'><strong>Sua</strong></span> <span class='ocrx_word' id='word_1_184' title='bbox 1746 3327 1947 3374; x_wconf 89' lang='lat' dir='ltr'><strong>carne</strong></span> <span class='ocrx_word' id='word_1_185' title='bbox 1983 3304 2314 3386; x_wconf 86' lang='lat' dir='ltr'><strong>satiando,</strong></span> <span class='ocrx_word' id='word_1_186' title='bbox 2731 3305 2816 3368; x_wconf 77' lang='lat'><strong>45</strong></span> 
     </span>
     <span class='ocr_line' id='line_1_25' title="bbox 208 3406 2520 3495; baseline -0.001 -20"><span class='ocrx_word' id='word_1_187' title='bbox 208 3410 378 3478; x_wconf 88' lang='lat' dir='ltr'><strong>diem</strong></span> <span class='ocrx_word' id='word_1_188' title='bbox 423 3413 649 3478; x_wconf 79' lang='lat' dir='ltr'><strong>confer</strong></span> <span class='ocrx_word' id='word_1_189' title='bbox 692 3413 847 3479; x_wconf 74' lang='lat' dir='ltr'><strong>vitae</strong></span> <span class='ocrx_word' id='word_1_190' title='bbox 891 3416 1115 3495; x_wconf 77' lang='lat' dir='ltr'><strong>bonae,</strong></span> <span class='ocrx_word' id='word_1_191' title='bbox 1565 3431 1780 3482; x_wconf 77' lang='lat' dir='ltr'><strong>caecas</strong></span> <span class='ocrx_word' id='word_1_192' title='bbox 1826 3417 2075 3478; x_wconf 81' lang='lat' dir='ltr'><strong>mentes</strong></span> <span class='ocrx_word' id='word_1_193' title='bbox 2119 3406 2520 3474; x_wconf 86' lang='lat' dir='ltr'><strong>illustrando.</strong></span> 
     </span>
     <span class='ocr_line' id='line_1_26' title="bbox 205 3511 2406 3602; baseline -0.002 -20"><span class='ocrx_word' id='word_1_194' title='bbox 205 3524 284 3582; x_wconf 82' lang='lat' dir='ltr'><strong>ut</strong></span> <span class='ocrx_word' id='word_1_195' title='bbox 323 3537 364 3580; x_wconf 87' lang='lat' dir='ltr'><strong>a</strong></span> <span class='ocrx_word' id='word_1_196' title='bbox 406 3517 592 3581; x_wconf 89' lang='lat' dir='ltr'><strong>malis</strong></span> <span class='ocrx_word' id='word_1_197' title='bbox 636 3537 978 3602; x_wconf 81' lang='lat' dir='ltr'><strong>exuamur,</strong></span> <span class='ocrx_word' id='word_1_198' title='bbox 1565 3517 1749 3582; x_wconf 85' lang='lat' dir='ltr'><strong>salve</strong></span> <span class='ocrx_word' id='word_1_199' title='bbox 1793 3516 1985 3600; x_wconf 86' lang='lat' dir='ltr'><strong>virgo</strong></span> <span class='ocrx_word' id='word_1_200' title='bbox 2029 3511 2406 3578; x_wconf 88' lang='lat' dir='ltr'><strong>veneranda</strong></span> 
     </span>
     <span class='ocr_line' id='line_1_27' title="bbox 208 3612 2523 3699; baseline -0.001 -17"><span class='ocrx_word' id='word_1_201' title='bbox 208 3627 278 3692; x_wconf 77' lang='lat' dir='ltr'><strong>et</strong></span> <span class='ocrx_word' id='word_1_202' title='bbox 321 3621 560 3686; x_wconf 84' lang='lat' dir='ltr'><strong>virtute</strong></span> <span class='ocrx_word' id='word_1_203' title='bbox 599 3622 955 3688; x_wconf 77' lang='lat' dir='ltr'><strong>inbuanmr.</strong></span> <span class='ocrx_word' id='word_1_204' title='bbox 1373 3626 1458 3689; x_wconf 82' lang='lat'><strong>20</strong></span> <span class='ocrx_word' id='word_1_205' title='bbox 1567 3619 1740 3684; x_wconf 87' lang='lat' dir='ltr'><strong>omni</strong></span> <span class='ocrx_word' id='word_1_206' title='bbox 1780 3616 1976 3684; x_wconf 87' lang='lat' dir='ltr'><strong>laude</strong></span> <span class='ocrx_word' id='word_1_207' title='bbox 2024 3612 2523 3699; x_wconf 70' lang='lat' dir='ltr'><strong>praesentanda,</strong></span> 
     </span>
     <span class='ocr_line' id='line_1_28' title="bbox 193 3791 2409 3897; baseline -0.002 -20"><span class='ocrx_word' id='word_1_208' title='bbox 193 3791 412 3877; x_wconf 48' lang='lat' dir='ltr'><strong>&#39;Salve</strong></span> <span class='ocrx_word' id='word_1_209' title='bbox 458 3811 689 3876; x_wconf 90' lang='lat' dir='ltr'><strong>nobilis</strong></span> <span class='ocrx_word' id='word_1_210' title='bbox 732 3810 951 3895; x_wconf 90' lang='lat' dir='ltr'><strong>puella</strong></span> <span class='ocrx_word' id='word_1_211' title='bbox 968 3859 986 3893; x_wconf 88' lang='lat'>‚</span> <span class='ocrx_word' id='word_1_212' title='bbox 1561 3811 1704 3877; x_wconf 86' lang='lat' dir='ltr'><strong>Fac</strong></span> <span class='ocrx_word' id='word_1_213' title='bbox 1748 3820 1816 3877; x_wconf 90' lang='lat' dir='ltr'><strong>ut</strong></span> <span class='ocrx_word' id='word_1_214' title='bbox 1852 3811 1993 3897; x_wconf 85' lang='lat' dir='ltr'><strong>jam</strong></span> <span class='ocrx_word' id='word_1_215' title='bbox 2039 3810 2409 3895; x_wconf 81' lang='lat' dir='ltr'><strong>spirituales</strong></span> 
     </span>
     <span class='ocr_line' id='line_1_29' title="bbox 204 3908 2818 4000; baseline -0.003 -18"><span class='ocrx_word' id='word_1_216' title='bbox 204 3916 479 3982; x_wconf 81' lang='lat' dir='ltr'><strong>rutilans</strong></span> <span class='ocrx_word' id='word_1_217' title='bbox 526 3916 776 3981; x_wconf 87' lang='lat' dir='ltr'><strong>coelesti</strong></span> <span class='ocrx_word' id='word_1_218' title='bbox 820 3914 1009 3980; x_wconf 69' lang='lat' dir='ltr'><strong>stella</strong></span> <span class='ocrx_word' id='word_1_219' title='bbox 1025 3964 1044 4000; x_wconf 91' lang='lat'><strong>,</strong></span> <span class='ocrx_word' id='word_1_220' title='bbox 1560 3917 1767 3981; x_wconf 83' lang='lat' dir='ltr'><strong>nostri</strong></span> <span class='ocrx_word' id='word_1_221' title='bbox 1810 3916 2015 4000; x_wconf 87' lang='lat' dir='ltr'><strong>pedes</strong></span> <span class='ocrx_word' id='word_1_222' title='bbox 2060 3923 2127 3979; x_wconf 90' lang='lat' dir='ltr'><strong>et</strong></span> <span class='ocrx_word' id='word_1_223' title='bbox 2170 3913 2483 3979; x_wconf 79' lang='lat' dir='ltr'><strong>mentales</strong></span> <span class='ocrx_word' id='word_1_224' title='bbox 2733 3908 2818 3974; x_wconf 88' lang='grc'><strong>50</strong></span> 
     </span>
     <span class='ocr_line' id='line_1_30' title="bbox 206 4016 2508 4104; baseline -0.005 -16"><span class='ocrx_word' id='word_1_225' title='bbox 206 4022 562 4104; x_wconf 78' lang='lat' dir='ltr'><strong>rogitamus</strong></span> <span class='ocrx_word' id='word_1_226' title='bbox 605 4021 777 4085; x_wconf 84' lang='lat' dir='ltr'><strong>votis</strong></span> <span class='ocrx_word' id='word_1_227' title='bbox 823 4020 1041 4101; x_wconf 85' lang='lat' dir='ltr'><strong>bonis,</strong></span> <span class='ocrx_word' id='word_1_228' title='bbox 1563 4040 1605 4084; x_wconf 90' lang='lat' dir='ltr'><strong>a</strong></span> <span class='ocrx_word' id='word_1_229' title='bbox 1647 4019 1982 4086; x_wconf 81' lang='lat' dir='ltr'><strong>mundanis</strong></span> <span class='ocrx_word' id='word_1_230' title='bbox 2028 4016 2508 4100; x_wconf 87' lang='lat' dir='ltr'><strong>suspendantur</strong></span> 
     </span>
     <span class='ocr_line' id='line_1_31' title="bbox 205 4118 2411 4200; baseline -0.005 -11"><span class='ocrx_word' id='word_1_231' title='bbox 205 4123 548 4189; x_wconf 77' lang='lat' dir='ltr'><strong>mundanae</strong></span> <span class='ocrx_word' id='word_1_232' title='bbox 592 4121 987 4189; x_wconf 79' lang='lat' dir='ltr'><strong>confusionis</strong></span> <span class='ocrx_word' id='word_1_233' title='bbox 1561 4128 1631 4186; x_wconf 86' lang='lat' dir='ltr'><strong>et</strong></span> <span class='ocrx_word' id='word_1_234' title='bbox 1672 4121 1763 4186; x_wconf 82' lang='lat' dir='ltr'><strong>ad</strong></span> <span class='ocrx_word' id='word_1_235' title='bbox 1808 4119 2001 4185; x_wconf 87' lang='lat' dir='ltr'><strong>deum</strong></span> <span class='ocrx_word' id='word_1_236' title='bbox 2046 4118 2411 4200; x_wconf 82' lang='lat' dir='ltr'><strong>erigantur,</strong></span> 
     </span>
     <span class='ocr_line' id='line_1_32' title="bbox 207 4306 2468 4398; baseline -0.008 -12"><span class='ocrx_word' id='word_1_237' title='bbox 207 4315 297 4386; x_wconf 84' lang='lat' dir='ltr'><strong>Ut</strong></span> <span class='ocrx_word' id='word_1_238' title='bbox 339 4336 377 4380; x_wconf 87' lang='lat' dir='ltr'><strong>a</strong></span> <span class='ocrx_word' id='word_1_239' title='bbox 421 4314 592 4384; x_wconf 83' lang='lat' dir='ltr'><strong>malo</strong></span> <span class='ocrx_word' id='word_1_240' title='bbox 638 4309 1088 4394; x_wconf 81' lang='lat' dir='ltr'><strong>defendamur,</strong></span> <span class='ocrx_word' id='word_1_241' title='bbox 1253 4393 1254 4398; x_wconf 5' lang='grc' dir='ltr'>ἵ</span> <span class='ocrx_word' id='word_1_242' title='bbox 1371 4311 1455 4374; x_wconf 85' lang='grc'><strong>25</strong></span> <span class='ocrx_word' id='word_1_243' title='bbox 1562 4306 1834 4376; x_wconf 88' lang='lat' dir='ltr'><strong>Sursum</strong></span> <span class='ocrx_word' id='word_1_244' title='bbox 1881 4327 2010 4393; x_wconf 89' lang='lat' dir='ltr'><strong>per</strong></span> <span class='ocrx_word' id='word_1_245' title='bbox 2054 4306 2468 4372; x_wconf 87' lang='lat' dir='ltr'><strong>intentionem</strong></span> 
     </span>
     <span class='ocr_line' id='line_1_33' title="bbox 205 4411 2385 4505; baseline -0.006 -20"><span class='ocrx_word' id='word_1_246' title='bbox 205 4417 531 4505; x_wconf 89' lang='lat' dir='ltr'><strong>pondere,</strong></span> <span class='ocrx_word' id='word_1_247' title='bbox 575 4436 700 4494; x_wconf 85' lang='lat' dir='ltr'><strong>nec</strong></span> <span class='ocrx_word' id='word_1_248' title='bbox 743 4424 1075 4480; x_wconf 88' lang='lat' dir='ltr'><strong>teneamur</strong></span> <span class='ocrx_word' id='word_1_249' title='bbox 1480 4478 1484 4482; x_wconf 83' lang='grc'><strong>,</strong></span> <span class='ocrx_word' id='word_1_250' title='bbox 1562 4413 1780 4479; x_wconf 85' lang='lat' dir='ltr'><strong>cordis</strong></span> <span class='ocrx_word' id='word_1_251' title='bbox 1826 4422 1892 4477; x_wconf 93' lang='lat' dir='ltr'><strong>et</strong></span> <span class='ocrx_word' id='word_1_252' title='bbox 1937 4411 2385 4490; x_wconf 88' lang='lat' dir='ltr'><strong>devotionem,</strong></span> 
     </span>
     <span class='ocr_line' id='line_1_34' title="bbox 203 4512 2815 4611; baseline -0.006 -23"><span class='ocrx_word' id='word_1_253' title='bbox 203 4530 627 4611; x_wconf 82' lang='lat' dir='ltr'><strong>paupertate,</strong></span> <span class='ocrx_word' id='word_1_254' title='bbox 671 4528 735 4584; x_wconf 91' lang='lat' dir='ltr'><strong>te</strong></span> <span class='ocrx_word' id='word_1_255' title='bbox 772 4517 1048 4603; x_wconf 83' lang='lat' dir='ltr'><strong>juvante</strong></span> <span class='ocrx_word' id='word_1_256' title='bbox 1425 4527 1429 4532; x_wconf 86' lang='grc'><strong>’</strong></span> <span class='ocrx_word' id='word_1_257' title='bbox 1562 4534 1719 4583; x_wconf 89' lang='lat' dir='ltr'><strong>caro</strong></span> <span class='ocrx_word' id='word_1_258' title='bbox 1764 4533 2020 4597; x_wconf 88' lang='lat' dir='ltr'><strong>quoque</strong></span> <span class='ocrx_word' id='word_1_259' title='bbox 2067 4512 2462 4596; x_wconf 83' lang='lat' dir='ltr'><strong>corrigatur,</strong></span> <span class='ocrx_word' id='word_1_260' title='bbox 2732 4512 2815 4573; x_wconf 88' lang='grc'><strong>55</strong></span> 
     </span>
     <span class='ocr_line' id='line_1_35' title="bbox 207 4615 2316 4714; baseline -0.008 -18"><span class='ocrx_word' id='word_1_261' title='bbox 207 4636 276 4696; x_wconf 81' lang='lat' dir='ltr'><strong>et</strong></span> <span class='ocrx_word' id='word_1_262' title='bbox 318 4628 403 4694; x_wconf 90' lang='lat' dir='ltr'><strong>ad</strong></span> <span class='ocrx_word' id='word_1_263' title='bbox 449 4626 575 4694; x_wconf 85' lang='lat' dir='ltr'><strong>deo</strong></span> <span class='ocrx_word' id='word_1_264' title='bbox 618 4632 1030 4714; x_wconf 86' lang='lat' dir='ltr'><strong>procurante.</strong></span> <span class='ocrx_word' id='word_1_265' title='bbox 1561 4639 1646 4686; x_wconf 89' lang='lat' dir='ltr'><strong>ne</strong></span> <span class='ocrx_word' id='word_1_266' title='bbox 1690 4617 1953 4684; x_wconf 88' lang='lat' dir='ltr'><strong>rebellis</strong></span> <span class='ocrx_word' id='word_1_267' title='bbox 2000 4615 2316 4682; x_wconf 86' lang='lat' dir='ltr'><strong>videatur.</strong></span> 
     </span>
    </p>
   </div>
   <div class='ocr_carea' id='block_1_6' title="bbox 2266 4715 2411 4785">
    <p class='ocr_par' dir='ltr' id='par_1_7' title="bbox 2266 4715 2411 4785">
     <span class='ocr_line' id='line_1_36' title="bbox 2266 4715 2411 4785; baseline -0.014 0"><span class='ocrx_word' id='word_1_268' title='bbox 2266 4720 2350 4785; x_wconf 85' lang='lat'><strong>18</strong></span> <span class='ocrx_word' id='word_1_269' title='bbox 2366 4715 2411 4757; x_wconf 56' lang='lat'><strong>¹*</strong></span> 
     </span>
    </p>
   </div>
  </div>
 </body>
</html>
