3175 5234
420 297 548 361 110

589 477 649 533 V.
688 481 716 530 1
756 474 852 550 fig.
910 472 1224 547 ἡέκκλησία
1260 472 1479 546 χορεύει
1516 475 1854 549 ἑορτάζουσα
1892 473 1985 545 τὴν
2022 481 2298 548 παναγίαν
2339 494 2443 529 σου
2479 472 2719 544 μνήμην,
2768 475 2826 530 ἐν
2863 464 2901 547 ᾗ
2942 472 3053 530 εὖ-

410 565 692 637 φημοῦμεν
728 584 804 620 σε.
853 565 992 634 Apr.
1033 564 1119 617 30.
1195 562 1252 616 ἐν
1286 560 1350 633 τῇ
1385 560 1568 633 μνήμῃ
1607 559 1713 616 τῶν
1749 561 1920 634 ἁγίων
1970 582 2074 617 σου
2122 560 2276 616 πᾶσα
2327 559 2360 632 ἦ
2395 566 2570 621 κτίσις
2607 561 2875 634 ἑορτάζει,
2935 559 3051 618 οὖ-

412 656 566 728 ρανοὶ
613 649 939 725 ἀγάλλονται
988 649 1088 705 σὺν
1143 658 1256 711 τοῖς
1310 646 1593 720 ἀγγέλοις,
1656 652 1746 703 καὶ
1796 648 1828 718 ἡ
1881 646 1954 724 γῆ
2002 645 2350 724 εὐφραίνεται
2387 648 2489 705 σὺν
2524 656 2642 709 τοῖς
2678 645 3053 722 ἀνθρώποις.

412 740 656 794 Triodion
695 739 764 805 X,
801 740 851 790 2.
957 747 962 752 ’

586 826 653 878 V.
689 827 774 878 29.
832 823 933 877 Die
972 822 1242 878 Griechen
1282 821 1587 875 verbinden
1627 821 1732 875 den
1771 821 1822 874 h.
1861 821 2170 890 christoph
2206 820 2363 874 nicht
2398 821 2498 875 mit
2535 821 2743 876 diesem
2772 824 3057 892 Apostel,

410 914 522 968 wie
560 930 621 967 es
657 913 780 965 hier
821 911 1117 981 geschieht
1168 907 1345 978 (deun
1383 907 1472 961 die
1509 906 1692 963 Stelle
1730 908 1836 963 No.
1874 910 1997 976 696,
2038 910 2119 961 19.
2169 909 2378 979 gehort
2414 908 2570 962 nicht
2605 908 2838 978 daher),
2892 912 3057 965 weil

411 1000 495 1054 sie
534 1000 695 1054 beide
732 997 958 1068 Heilige
994 999 1142 1051 nicht.
1164 992 1273 1050 auf
1302 1000 1454 1050 einen
1490 995 1614 1065 Tag
1651 992 1830 1049 feiern
1868 997 1967 1064 (25
1995 994 2177 1062 suli),
2233 994 2359 1049 also
2398 994 2562 1048 keiue
2601 995 3060 1069 Veranlassung

411 1089 624 1152 hatten,
659 1085 740 1138 sie
779 1084 837 1138 in
874 1084 981 1138 den
1009 1084 1246 1138 Liedern
1282 1100 1351 1136 zu
1379 1082 1723 1153 vereinigen.
1794 1082 1907 1136 Der
1947 1082 2000 1136 h.
2029 1081 2338 1151 christoph
2376 1082 2530 1137 steht
2566 1083 2720 1137 nicht
2755 1083 2814 1137 in
2849 1084 3053 1139 ihrem

410 1175 798 1246 Horologium.

1437 1349 1547 1415 An
1595 1354 1721 1416 sint
1763 1352 1992 1418 Jacob.

411 1504 470 1558 lc
506 1508 740 1574 gruem,
775 1502 989 1570 Jacob,
1026 1501 1215 1555 helich
1252 1508 1405 1570 sant,
1772 1502 1874 1557 In't
1908 1501 2313 1555 wederkeeren
2355 1509 2409 1555 te
2448 1501 2747 1571 Spaengen
2786 1509 2989 1558 waert

413 1589 668 1645 Christus
706 1588 930 1659 apostel
969 1587 1109 1642 ende
1149 1589 1310 1643 recht
1346 1604 1597 1657 zweere,
1772 1587 1959 1642 wordi
1997 1589 2336 1641 maertelare
2374 1587 2700 1659 gehenedijt

415 1676 515 1746 ghi
553 1674 863 1731 bekeerdet
898 1675 954 1729 in
990 1675 1290 1747 Spaengen
1326 1677 1448 1730 lant
1774 1674 1915 1728 ende
1952 1690 2117 1728 uwen
2156 1674 2406 1729 lechame
2443 1691 2567 1729 nam
2608 1676 2673 1728 de
2709 1683 2877 1732 vaert

411 1761 708 1832 menighen
744 1763 1025 1817 meinsche
1061 1769 1176 1819 met
1210 1780 1371 1818 uwer
1406 1764 1562 1819 leere
1772 1766 1831 1815 te
1869 1760 2252 1830 Compostelle
2298 1761 2353 1814 in
2393 1767 2585 1816 corter
2622 1762 2741 1834 tijt,

415 1864 490 1902 na
527 1848 627 1902 der
663 1850 803 1904 doot
840 1865 951 1903 van
989 1867 1165 1905 onsen
1202 1852 1390 1904 heere.
1774 1847 1916 1900 (laer
1952 1846 2053 1917 ghi
2088 1863 2161 1900 nu
2198 1846 2487 1917 begu-aven
2525 1848 2654 1921 sijt,

412 1969 518 2026 Ghi
556 1977 736 2025 caemt
771 1971 1054 2041 predeken
1093 1973 1229 2027 (laer
1264 1987 1401 2026 nare
1771 1977 1921 2031 Daer
1956 1977 2033 2030 hu
2069 1977 2286 2032 menich
2316 1979 2604 2052 pelegriJ‘n

413 2062 661 2112 omtrent
695 2058 1051 2112 Jherusalem
1093 2059 1233 2113 ende
1271 2058 1409 2113 daer
1446 2060 1666 2129 hinrico,
1771 2063 2016 2133 gheerne
2056 2069 2112 2119 te
2147 2065 2500 2119 versoukeue
2536 2065 2757 2137 pleghe.

410 2146 551 2199 daer
586 2145 822 2200 waende
861 2164 897 2199 u
934 2163 1036 2200 een
1075 2152 1342 2202 toverare
1769 2146 1823 2202 ic
1859 2148 2056 2216 biddu,
2095 2149 2221 2202 wilt
2256 2149 2312 2203 in
2352 2150 2497 2204 mine
2536 2151 2704 2222 hulpe
2740 2152 2891 2224 ziJn,

409 2237 614 2287 metten
654 2232 812 2287 viant
848 2234 992 2287 doen
1031 2235 1385 2301 verwinnen,
1770 2234 1867 2290 dat
1904 2252 1997 2306 my
2036 2236 2153 2307 god
2193 2244 2366 2292 voort
2402 2238 2516 2292 alle
2553 2240 2756 2310 weghe

411 2335 566 2374 maer
604 2320 704 2389 ghi
741 2319 1047 2374 hekeerdet
1082 2322 1206 2374 hem
1241 2322 1297 2374 in
1332 2321 1568 2375 minnen.
1769 2323 2070 2378 verleenen
2107 2324 2265 2378 wille
2304 2326 2527 2396 goeden
2563 2326 2757 2397 zeghe.

588 2457 685 2510 Hs.
723 2473 793 2510 zu
831 2458 1103 2512 Miinchen
1144 2457 1297 2529 Cgm.
1338 2459 1422 2512 83.
1462 2455 1500 2511 f.
1539 2461 1625 2513 70.
1665 2462 1730 2513 15
1767 2460 1962 2515 Jahrb.

1036 2739 1205 2810 702.
1273 2740 1386 2808 Dc
1438 2765 1492 2809 s.
1545 2740 1884 2813 ‚Iohanne
1934 2742 2386 2840 evangelista.

411 2936 659 3003 Amore
708 2937 949 3002 Christi
994 2941 1224 3003 nobilis
1774 2940 1884 3025 „In
1931 2940 2249 3026 principio
2296 2951 2442 3007 erat
2484 2945 2755 3009 verbum

413 3050 480 3105 et
523 3042 694 3105 filius
743 3043 1002 3105 tonitrui
1770 3053 1839 3107 et
1880 3046 2148 3108 verbum
2197 3054 2340 3109 erat
2389 3046 2558 3129 apud
2608 3046 2797 3110 deum

413 3162 652 3207 arcana
696 3143 1029 3206 Johannes
1077 3144 1185 3207 dei
1771 3151 1838 3207 et
1884 3143 2045 3208 deus
2092 3155 2233 3208 erat
2279 3149 2574 3224 verbum,
2617 3148 2746 3212 hoc
2791 3156 2943 3213 erat

407 3247 548 3311 fatu
591 3247 916 3310 revelavit
959 3266 1166 3312 sacro.
1768 3250 1833 3313 in
1878 3252 2198 3333 principio
2247 3251 2419 3334 apud
2468 3251 2674 3333 deum,
2946 3255 3038 3318 20

410 3409 637 3494 Captis
685 3412 940 3474 solebat
983 3412 1270 3493 piscibus
1624 3414 1661 3474 5
1770 3412 1994 3478 Omnia
2038 3435 2160 3499 per
2205 3417 2411 3498 ipsum
2457 3416 2631 3480 facta
2666 3412 2854 3480 sunt“
2878 3438 2897 3497 3

407 3514 614 3596 patris
664 3519 993 3575 senectam
1040 3530 1349 3593 pascere,
1769 3518 1886 3581 sed
1931 3519 2072 3601 ipse
2119 3519 2313 3584 laude
2361 3539 2432 3582 se
2480 3528 2669 3583 sonet

407 3616 709 3676 turbante
757 3611 904 3673 dum
947 3619 1128 3673 natat
1165 3611 1303 3673 salo
1770 3628 1836 3682 et
1880 3620 2208 3684 laureatus
2255 3622 2482 3703 spiritu

409 3714 748 3777 immobilis
794 3714 923 3775 fide
971 3715 1165 3776 stetit·
1769 3723 2026 3805 scriptis
2075 3733 2423 3787 coronetur
2470 3723 2619 3785 suis,

407 3876 676 3941 Hamum
723 3875 1048 3959 profundo
1095 3887 1442 3961 merserat,
1769 3885 2119 3950 Commune
2165 3887 2379 3950 multis
2425 3886 2645 3968 passio
2946 3887 3036 3948 25

406 3981 694 4066 piscatus
742 3989 841 4043 est
883 3984 1153 4045 verbum
1201 3981 1339 4064 dei,
1581 3987 1661 4048 10
1770 4008 2089 4072 cruorque
2138 3991 2437 4054 delictum
2484 3991 2740 4071 lavanS,

397 4085 678 4169 jactavit
723 4085 909 4147 undis
956 4087 1121 4148 retia
1767 4090 1896 4155 hoc
1939 4098 2146 4153 morte
2191 4098 2466 4172 praestat
2510 4097 2893 4172 martyrum,

405 4190 605 4252 vitam
655 4189 899 4252 levavit
946 4192 1239 4253 omnium.
1767 4192 1943 4273 quod
1990 4192 2144 4255 fecit
2190 4210 2334 4253 esse
2380 4200 2727 4272 martyres,

403 4348 608 4425 Piscis
652 4353 859 4415 bonus
906 4354 1013 4436 pia
1060 4361 1161 4417 est
1204 4354 1370 4418 fides
1764 4358 2038 4421 Vinctus
2086 4364 2299 4419 tamen
2346 4358 2427 4419 ab
2473 4355 2686 4437 impiis

403 4449 620 4512 mundi
665 4462 1095 4533 supernatans
1143 4455 1378 4536 salum,
1766 4460 2020 4526 calente
2067 4460 2241 4523 olivo
2289 4460 2520 4524 dicitur
2940 4460 3030 4522 30

403 4553 677 4618 subnixa
724 4552 965 4619 Christi
1001 4566 1309 4639 pectore,
1576 4562 1655 4623 15
1765 4564 2032 4627 tersisse
2078 4563 2294 4626 mundi
2340 4564 2710 4646 pulverem,

403 4661 629 4716 sancto
675 4654 892 4718 locuta
938 4658 1205 4738 spiritu:
1763 4665 2022 4729 stetisse
2070 4665 2281 4729 victor
2328 4663 2556 4727 aemuli.
