3175 5234
329 271 465 342 674

328 463 511 532 Intus
553 461 715 528 foris
761 460 976 544 culpae
1017 455 1254 543 spinis3
1694 455 2183 522 decumbentem
2224 454 2413 536 teve,
2457 454 2610 520 lev-a

329 585 436 631 me
478 581 778 629 securum
823 561 934 627 fac
978 560 1064 626 de
1109 561 1298 624 minis
1694 566 1765 624 et
1806 559 1891 624 de
1934 565 2144 624 morte
2190 558 2379 623 solve
2418 575 2632 640 aava,

329 667 696 733 corruentis
742 666 937 749 hujus
982 663 1235 746 mundi,

330 768 527 851 virgo
572 775 831 849 sancta,
876 786 961 831 ne
1005 763 1314 832 contundi
1692 748 1783 818 Ut
1826 768 2165 834 resurgam
2208 767 2420 814 novus
2462 749 2655 815 homo
2676 796 2695 832 ,

1477 887 1482 892 ·
1695 853 1857 920 civis
1898 853 1965 916 in
2011 853 2261 918 coelesti
2306 852 2529 935 dome,

330 957 527 1025 Rictu
570 958 746 1022 sinas
791 976 893 1021 me
943 956 1247 1021 draconis
1501 955 1585 1017 45
1695 954 1940 1041 duplex
1985 975 2160 1021 mors
2205 976 2288 1021 ne
2331 976 2436 1021 me
2481 955 2776 1039 infestet,
2879 959 2966 1020 55

330 1061 669 1125 infernalis
713 1059 1109 1144 Babylonis,
1693 1056 1890 1124 Jesus
1936 1054 2232 1121 Christus
2277 1055 2435 1122 illud
2480 1065 2755 1142 praestet

333 1161 457 1227 sed
502 1157 588 1226 da
633 1162 848 1228 locum
894 1169 962 1226 et
1005 1169 1290 1225 tutamen
2394 1243 2399 1248 .

332 1243 402 1329 et
446 1265 713 1332 coeleste
761 1265 1196 1331 sublevamen.
1695 1244 1903 1311 Ρΐθθθ
1948 1243 2060 1309 ῐΰῧ
2103 1251 2445 1325 exoratus,

1693 1347 1864 1414 idem
1909 1355 2131 1432 pater,
2176 1345 2349 1410 idem
2389 1351 2611 1428 natue,

341 1451 671 1536 Agonista
719 1451 823 1515 dei
868 1450 1089 1531 tertie,
1692 1451 1864 1516 idem
1911 1445 2246 1533 utrius'que
2292 1450 2557 1532 flamen,

333 1565 481 1622 esto
525 1572 823 1641 praesens
871 1551 1034 1617 hora
1077 1553 1325 1634 ωσι-113,
1502 1556 1587 1616 50
1692 1557 1801 1636 qui
1845 1556 2008 1619 vivit
2052 1562 2119 1619 et
2161 1561 2412 1638 regnat.
2481 1574 2688 1620 amen.
2870 1558 2960 1620 60

514 1764 610 1821 Hs.
648 1783 720 1820 zu
755 1765 971 1833 mainz,
1022 1766 1168 1836 Aug.
1206 1764 1312 1819 No.
1350 1765 1472 1819 439.
1527 1764 1615 1820 Bl.
1654 1765 1771 1819 196.
1826 1764 1924 1819 des
1964 1768 2032 1819 15
2068 1752 2265 1821 Jahrb.
2318 1766 2451 1837 (Μ).
2540 1767 2964 1839 Strassburger

335 1852 463 1908 usa.
499 1853 561 1910 E.
601 1852 862 1916 135.,Β1.
899 1854 971 1907 68
1025 1852 1137 1923 (Ε)
1187 1851 1297 1907 und
1336 1852 1401 1906 K.
1438 1853 1562 1906 316.
1617 1851 1705 1906 Bl.
1744 1853 1842 1906 191
1894 1852 2025 1921 (Κ).
2132 1852 2332 1908 Dieeer
2378 1854 2473 1909 ns.
2519 1853 2643 1908 sind
2679 1853 2961 1910 Lesarten

333 1939 492 1994 eines
540 1940 752 1995 andern
804 1940 1009 1994 Textes
1058 1937 1540 2011 beigesehrieben.
1624 1939 1699 1992 lm
1745 1939 2163 1995 Antidotarium
2199 1942 2400 1995 animae
2445 1941 2556 1995 Nic.
2585 1941 2795 1995 Saliceti
2842 1957 2960 1996 von

338 2029 493 2082 1491.
531 2024 633 2082 fol.
673 2030 777 2082 143
815 2027 961 2097 (Ο),
1019 2029 1165 2081 auch
1201 2027 1255 2081 in
1294 2028 1395 2081 der
1431 2026 1819 2080 Reichenauer
1854 2026 1950 2081 Hs.
1991 2027 2099 2082 No.
2137 2029 2221 2082 36.
2271 2028 2354 2082 Bl.
2394 2030 2499 2082 144
2545 2028 2675 2098 (R).
2748 2028 2817 2082 In
2856 2028 2961 2083 der

338 2114 640 2172 Brt’inseler
675 2115 770 2170 Hs.
808 2115 912 2170 No.
949 2115 1092 2168 8774
1127 2115 1281 2170 steht
1320 2113 1411 2167 ein
1445 2113 1584 2167 Lied
1621 2113 1720 2169 mit
1757 2113 2035 2185 gleichem
2071 2112 2315 2186 Anfang.

515 2257 551 2309 5
579 2270 686 2310 ave
712 2255 882 2327 virgo
910 2255 1019 2310 deo
1038 2253 1088 2308 d.
1109 2252 1226 2322 ΟΜ,
1253 2268 1360 2307 ave
1388 2259 1456 2309 st.
1484 2252 1653 2325 virgo
1681 2252 1743 2307 R.
1792 2254 1828 2306 6
1855 2253 2024 2325 virgo
2052 2258 2121 2308 et.
2141 2252 2240 2309 Ch.
2267 2254 2332 2309 R.
2378 2257 2430 2308 ⁶1.
2448 2252 2690 2309 Sfehlen
2708 2252 2766 2307 in
2787 2251 2961 2310 CER.

335 2341 371 2395 8
407 2345 470 2396 ut
503 2357 591 2396 me
625 2343 861 2397 mundus
898 2343 1008 2410 leqe
1041 2340 1287 2394 munden.
1323 2355 1438 2394 var.
1477 2343 1585 2395 lect.
1624 2341 1689 2394 K.
1743 2341 1777 2394 9
1819 2339 1949 2393 audi
1985 2355 2185 2410 preces
2224 2340 2288 2395 R.
2350 2342 2421 2395 10
2454 2340 2719 2398 devotum
2752 2341 2831 2409 Μ,
2867 2357 2962 2395 me

335 2432 563 2483 motum.
598 2444 713 2483 var.
749 2431 859 2483 lect.
891 2427 959 2481 K.
1037 2427 1104 2479 16
1139 2430 1350 2481 sancta.
1389 2443 1502 2482 var.
1540 2430 1649 2482 lect.
1698 2426 1750 2482 K
1798 2426 2023 2496 beeser,
2086 2443 2233 2498 pura
2272 2428 2344 2482 Μ.
2420 2430 2487 2482 1Ἷ
2535 2443 2641 2482 ave
2675 2426 2850 2504 virgo
2887 2429 2960 2482 K.

334 2530 450 2570 var.
491 2517 599 2570 lect.
640 2515 708 2568 K.
811 2515 878 2567 19
914 2519 1066 2568 tuum
1101 2513 1228 2580 EK,
1289 2517 1466 2567 tutum
1502 2513 1637 2567 mihi
1674 2514 1774 2569 ΟΜ
1798 2555 1812 2583 ,
1877 2512 1969 2568 fac
2006 2515 2078 2569 Μ.
2178 2516 2252 2569 24
2288 2513 2454 2568 salva
2488 2514 2688 2570 mortis
2723 2514 2795 2570 de
2832 2516 2961 2583 ΜΟ,

335 2604 502 2659 solve
537 2603 738 2659 mortis
775 2602 844 2657 de
882 2600 1144 2671 procella
1181 2600 1295 2656 KR.
1394 2602 1464 2654 26
1502 2599 1795 2673 demergat
1830 2602 1889 2657 Ο.
1987 2606 2057 2657 27
2095 2619 2208 2657 non
2243 2602 2408 2660 EKR.
2480 2603 2549 2656 31
2589 2601 2804 2657 Christi
2839 2601 2962 2656 KR.

335 2692 409 2744 32
445 2694 503 2745 et
537 2690 622 2744 sic
658 2689 837 2744 coeloe
875 2688 991 2744 ΟΜ.
1060 2690 1134 2742 33
1169 2693 1367 2758 petens
1402 2687 1464 2742 R.
1539 2690 1611 2743 37
1648 2689 1754 2744 sim
1794 2689 1927 2758 ΟΜ,
1991 2706 2113 2744 cum
2149 2689 2223 2757 E,
2289 2690 2395 2744 sim
2429 2691 2515 2758 in,
2578 2705 2691 2744 var.
2730 2692 2847 2744 lect.
2886 2688 2958 2743 K.

334 2777 549 2831 37-48
585 2772 776 2829 fehlen
811 2774 868 2828 in
907 2774 1022 2840 ΟΜ,
1060 2772 1228 2828 dafiir
1263 2776 1439 2829 steht:

548 2861 740 2918 multis
777 2861 940 2916 malie
977 2861 1263 2916 involutus
1834 2867 1893 2917 et
1928 2861 1987 2916 in
2023 2862 2187 2919 bonis
2224 2860 2318 2919 fac
2352 2880 2441 2920 me
2477 2861 2712 2920 firmum.

551 2948 724 3003 visita
769 2954 829 3003 tu
863 2964 952 3003 me
990 2944 1264 3002 infirmum

337 3037 414 3090 39
452 3032 630 3112 faecis·
653 3031 795 3090 faece
835 3036 999 3106 eulpa
1055 3033 1093 3090 f.
1131 3051 1243 3090 var.
1281 3039 1388 3090 lece.
1443 3035 1509 3090 K.
1585 3035 1798 3089 39-48
1834 3031 2025 3088 fehlen
2062 3035 2119 3088 in
2155 3035 2218 3090 R.
2292 3037 2504 3091 41-48
2543 3034 2730 3090 fehlen
2779 3037 2840 3091 in
2887 3036 2965 3092 Μ.

339 3125 414 3178 42
453 3122 734 3179 daemonis.
773 3140 884 3180 var.
927 3127 1034 3179 lect.
1076 3124 1141 3177 Κ.
1214 3125 1285 3176 44
1312 3124 1457 3195 juva
1495 3138 1581 3177 me
1615 3122 1655 3177 f.
1695 3140 1739 3177 s.
1774 3140 1827 3178 n.
1866 3139 1982 3178 var.
2017 3126 2126 3178 lect.
2168 3125 2233 3177 K.
2305 3125 2374 3178 45
2413 3125 2530 3177 ictu
2564 3121 2679 3176 ΕΚ.
2781 3124 2854 3176 47
2902 3131 2965 3178 et

337 3211 523 3267 haben
578 3210 721 3281 alle,
784 3212 873 3266 die
928 3227 1041 3266 var.
1097 3213 1202 3265 lect.
1266 3209 1406 3265 aber
1459 3210 1577 3264 sed.
1674 3211 1745 3264 48
1798 3209 1855 3263 in
1907 3208 2128 3265 coelesti
2179 3210 2513 3266 Jerusalem.
2566 3225 2681 3265 var.
2736 3213 2850 3266 lect.
2892 3211 2967 3266 K.

337 3302 409 3353 52
445 3298 611 3354 salva
645 3297 716 3354 Μ.
813 3302 884 3353 54
940 3300 1115 3372 eujus.
1151 3315 1266 3354 var.
1306 3300 1414 3356 teve.
1452 3297 1518 3352 K.
1628 3300 1697 3351 55
1735 3312 1821 3351 me
1860 3313 1971 3352 non
2007 3297 2189 3367 mm,
2246 3315 2359 3354 non
2396 3297 2545 3355 fehlt
2578 3299 2637 3357 Ο.
2746 3301 2828 3354 60
2862 3302 2969 3372 qui

335 3401 561 3462 temper
596 3389 732 3448 dens
769 3406 814 3446 r.
847 3390 908 3448 E.

1184 3742 1399 3814 1010.
1469 3740 1640 3812 Alia
1692 3737 1780 3811 de
1834 3736 2096 3811 eadem.

653 3975 918 4041 Gemma
964 3974 1071 4040 dei
1116 3976 1435 4059 pretiosa,
1481 3977 1838 4058 margarita
1883 3974 2165 4058 fulgida,

650 4098 893 4165 sponsa
937 4078 1045 4143 dei
1090 4079 1410 4162 gloriosa,
1452 4079 1742 4162 paradisi
1777 4079 2018 4162 janua,

651 4251 860 4335 Virgo
906 4259 1157 4335 martyr
1200 4249 1593 4334 Katharina,
1638 4249 1928 4335 prudens
1974 4260 2042 4315 et
2085 4252 2418 4318 mitissima
2437 4300 2454 4335 ,

651 4376 797 4439 quae
840 4374 966 4439 pro
1013 4354 1274 4422 Christo
1322 4355 1705 4421 detruncata
1749 4355 1898 4420 aula
1941 4374 2185 4438 regnas
2234 4357 2495 4439 coelica,

652 4524 784 4592 Ora
826 4546 950 4612 pro
995 4548 1098 4592 me
1142 4537 1493 4611 peccatore
1537 4528 1715 4612 apud
1757 4547 1984 4611 regem
2026 4528 2297 4611 gleriae,
2930 4538 2977 4598 5

547 4680 561 4692 .
651 4628 838 4709 cujus
883 4630 1097 4712 fulges
1142 4632 1438 4698 claritate
1482 4640 1554 4699 ut
1597 4632 1700 4698 sol
1742 4632 1810 4695 in
1853 4630 2143 4696 meridie.
