3175 5234
345 335 352 341 .
471 277 601 341 318

1347 649 1522 736 945.
1585 647 1705 719 De
1751 671 1805 718 s.
1862 641 2204 743 Georgio.

476 856 678 923 Salve
723 856 910 921 sortis
953 855 1138 920 miles
1183 851 1456 935 Christi,

566 981 608 1026 o
654 960 902 1045 Georgi
944 959 1210 1040 nobilis,

477 1065 586 1131 eui
628 1061 760 1127 fide
806 1061 1142 1127 adhaesisti

564 1183 809 1231 summa
852 1170 1066 1228 mente
1112 1160 1379 1227 stabilis.

480 1354 848 1436 mansione,
894 1350 1143 1417 athleta
1185 1352 1387 1429 bone,

563 1455 797 1539 Libya>
840 1453 1241 1538 provinciam

477 1576 761 1644 pugnam
807 1556 984 1640 geris
1029 1575 1173 1622 cum
1219 1554 1537 1634 dracone,

567 1680 607 1724 a
654 1676 780 1741 quo
823 1659 1001 1740 regis
1046 1657 1243 1721 filiam

477 1848 922 1934 Populumque
968 1846 1231 1926 eruisti,

566 1969 757 2034 quem
799 1947 957 2014 flatu
998 1948 1347 2024 infecerat,

479 2061 547 2118 et
590 2052 674 2118 ad
721 2050 914 2116 fidem
960 2049 1378 2125 convertisti,

566 2174 692 2237 qua
736 2153 903 2218 male
949 2159 1303 2217 corruerat.

478 2343 642 2409 Dum
682 2342 911 2407 fideles
956 2360 1077 2423 per
1120 2347 1444 2404 tormenta

567 2460 875 2511 cerneres
920 2440 1206 2507 deficere

477 2548 924 2627 idolorumque
969 2551 1273 2629 portenta

564 2666 708 2732 prae
756 2649 982 2711 timore
1029 2645 1277 2725 colere,

480 2834 767 2918 Cunctos
812 2830 971 2896 deos
1013 2847 1419 2916 paganorum

567 2938 810 3013 asseris
854 2934 1200 3017 daemonia,

478 3045 688 3109 libens
734 3040 896 3104 dura
940 3045 1401 3103 tormentorum

570 3145 851 3210 sustines
887 3141 1225 3226 supplicia.

450 3334 641 3402 'Nam
676 3332 1074 3399 membratim
1119 3331 1399 3396 laniatus

563 3456 638 3502 es
683 3448 749 3500 et
791 3444 973 3502 ustus
1019 3433 1300 3515 facibus,

1631 1893 1742 2021 ⁶10,

1653 2545 1731 2606 15

1646 3140 1731 3203 2⁰

1835 849 2015 915 Tunc
2060 855 2125 914 te
2162 848 2364 932 jussit
2410 847 2695 913 volutari

1920 953 1988 1016 in
2030 952 2284 1035 liquore
2324 951 2674 1036 plumbeo,

1835 1071 1966 1138 quo
2008 1061 2075 1119 te
2120 1054 2322 1118 sentis
2370 1052 2689 1120 delectari

1922 1158 2104 1224 velut
2147 1157 2323 1224 dulci
2365 1158 2631 1224 balneo.

1834 1344 2022 1416 Hunc
2064 1346 2406 1431 promissis
2452 1354 2520 1411 te
2565 1343 2805 1412 hortari

1807 1447 1820 1459 ⁶
1925 1451 2143 1518 studet
2186 1460 2255 1519 et
2292 1453 2668 1535 blanditiis,

1780 1645 1787 1653 .
1836 1556 2125 1640 spondes
2170 1554 2333 1621 deos
2378 1556 2688 1621 venerari

1921 1660 2096 1724 velle
2141 1659 2504 1726 sacrificiis.

1826 1849 2037 1916 -Plebe
2084 1866 2246 1932 ergo
2290 1847 2749 1933 praestolante,

1924 1969 2071 2033 quae
2119 1948 2489 2032 gaudenter
2538 1947 2744 2029 affuit,

1837 2059 1906 2119 at
1946 2061 2014 2118 te
2059 2050 2389 2118 Christum
2439 2058 2751 2118 exorante

1922 2156 2093 2240 ignis
2137 2173 2348 2220 vorax
2388 2156 2587 2221 irruit

1836 2343 1922 2415 Et
1967 2346 2315 2414 consumsit
2360 2344 2494 2409 cito
2542 2358 2742 2407 vanos

1925 2449 2358 2533 templumque
2403 2442 2795 2512 comminuit·

1837 2552 2344 2633 sacerdotesque
2389 2550 2705 2634 profanos

1924 2667 2104 2723 terra
2145 2671 2298 2720 mox
2343 2652 2701 2719 absorbuit.

1839 2846 2018 2914 Tunc
2062 2865 2183 2931 per
2229 2846 2579 2914 civitatem,
2606 2844 2831 2906 tractus

1923 2950 2137 3034 capite
2179 2964 2334 3012 mox
2377 2944 2715 3029 plecteris,

1836 3060 2085 3134 martyr
2130 3049 2373 3115 Christi
2415 3065 2691 3133 regnum
2735 3045 2929 3105 nactus

1922 3155 2006 3220 ad
2052 3171 2337 3239 superna
2380 3151 2660 3217 veheris.

1727 3324 1771 3411 ⁶.
1834 3346 1982 3437 Eya
2024 3354 2274 3428 martyr
2318 3320 2645 3427 gloriose,
2783 3386 2791 3393 -

465 3538 598 3602 ‘sed
640 3556 762 3621 per
808 3534 1135 3604 Christum
1179 3534 1584 3624 consolatus⁸
1666 3619 1671 3625 Ι

505 3733 515 3742 .
565 3640 711 3702 luce
755 3640 996 3703 verbis·
1022 3638 1333 3703 dulcibus.

478 3823 749 3905 Quidam
796 3825 909 3891 tibi
955 3823 1105 3888 dum
1150 3825 1481 3908 praeberet
1530 3851 1558 3861 ··
1642 3826 1726 3889 25

562 3929 845 3996 toxicum
892 3927 1226 3993 maleficus

471 4034 863 4119 vidensque,
910 4033 1084 4118 quod
1130 4032 1221 4097 nil
1264 4040 1533 4099 noceret

560 4140 673 4205 tibi
693 4188 710 4221 ,
756 4138 830 4204 fit
872 4137 1270 4234 catholicus..

476 4329 569 4395 Te
613 4339 929 4413 tyrannus
974 4347 1173 4415 super
1216 4338 1426 4396 rotam

562 4432 925 4517 gladiosam
969 4435 1225 4517 statuit,

474 4552 667 4619 quam
711 4534 930 4610 divina
973 4538 1180 4602 virtus
1225 4545 1429 4602 totam

559 4655 710 4729 mox
751 4639 1110 4722 rumpendo
1154 4638 1443 4707 destruit.

1918 3470 2024 3515 me
2066 3450 2134 3514 in
2176 3448 2308 3512 fide
2352 3450 2626 3525 robora,

1790 3549 1797 3557 “
1830 3572 1953 3638 per
1996 3559 2063 3615 te
2108 3549 2267 3615 deus
2312 3550 2603 3631 gratiose

1920 3674 2066 3718 mea
2110 3661 2299 3735 regat
2343 3659 2654 3736 tempora.
2776 3703 2780 3709 .

1830 3831 1900 3899 A
1945 3832 2228 3898 dracone
2281 3831 2581 3896 infernali

1918 3936 2131 4000 salvet
2148 3929 2155 3936 ’
2172 3941 2287 4000 me'
2322 3934 2631 4013 finaliter,

1707 4082 1713 4088 -
1830 4059 1915 4105 ne
1958 4057 2061 4102 me
2106 4055 2327 4103 morsu
2372 4032 2717 4120 gehennali

1642 4427 1728 4496 3'0

1920 4141 2165 4205 cruciet
2208 4139 2596 4224 perenuiter.

1832 4328 1968 4395 Sed
2013 4332 2096 4396 ab
2142 4330 2438 4396 omnibus
2486 4333 2736 4411 ereptus

1796 4503 1801 4507 ,
1862 4453 1876 4464 ·
1916 4434 2103 4500 malis
2148 4435 2387 4498 sanctis
2432 4432 2669 4510 socier,

1833 4538 1982 4606 coeli
2025 4538 2299 4621 gloriam
2345 4535 2620 4626 adeptus

1918 4642 2177 4706 summis
2218 4639 2406 4705 bonis
2449 4638 2660 4705 satier.

2951 1049 3001 1113 35

2951 2330 3007 2392 45

2953 2923 3008 2987 50

2948 3521 3005 3585 55

2951 4106 3009 4172 60
