3175 5234
52 416 412 530 Strophen
470 456 802 513 verbunden
854 457 1084 514 werden
1097 497 1112 527 ‚
1176 456 1453 513 wodurch
1504 455 1660 512 diese
1704 456 1869 512 ihren
1913 455 2361 528 regelmfissigen
2393 457 2552 514 Reim
2594 474 2725 516 ver-

53 546 400 669 loremme
425 614 629 668 zweite
656 612 998 685 Aenderung
1025 614 1223 668 wurde
1260 615 1318 668 in
1342 612 1861 669 Nordteutschland
1888 613 2167 684 gemacht,
2202 612 2315 668 und
2342 613 2536 669 Daniel
2551 616 2599 684 ¹²
2616 617 2721 669 ²4¹

54 701 208 755 hat
246 699 338 753 sie
374 698 522 753 nach
557 697 715 752 einer
752 697 1101 769 Hamburger
1140 698 1235 753 Hs.
1273 699 1418 754 ohne
1451 699 1690 769 Angabe
1727 698 1824 753 des
1851 697 2065 768 Alters,
2104 700 2249 753 nach
2280 699 2387 753 den
2415 700 2725 755 Brevieren

55 802 226 842 von
265 784 623 855 Havelberg,
659 784 1056 854 Halberstadt,
1106 783 1206 839 der
1242 781 1571 839 Bursselder
1610 784 2038 857 Congregation
2074 784 2186 840 und
2227 784 2592 842 Clichtoveus
2625 787 2725 842 he·

57 873 296 928 kannt
332 872 610 942 gemacht.
682 869 780 926 Sie
829 870 1055 925 besteht
1099 871 1157 924 iu
1196 872 1349 925 einer
1383 871 1812 942 Erweiterung,
1876 872 2048 926 deren
2083 870 2372 943 Strophen
2410 873 2724 928 siimmtlich

63 961 126 1014 3
177 958 418 1031 gleiche
456 957 642 1012 Reime
674 957 890 1024 haben,
929 957 1082 1019 ,also
1132 958 1308 1012 schon
1346 957 1659 1012 ausserlich
1695 959 1850 1013 nicht
1885 975 1953 1013 zu
1991 958 2218 1030 obigem
2254 960 2427 1014 Texte
2467 961 2724 1031 gehoren

65 1046 225 1101 und
263 1044 547 1100 innerlich
583 1045 775 1099 seinen
810 1044 1294 1115 zusammenhang
1330 1045 1755 1100 unterhrechen.
1826 1045 1983 1101 Denn
2031 1047 2312 1101 zwischen
2350 1044 2413 1100 V.
2452 1049 2488 1100 3
2525 1046 2637 1101 und
2671 1048 2723 1115 4,

69 1133 199 1188 die
266 1133 360 1188 als
412 1131 660 1189 Vorder·
710 1130 822 1186 und
873 1132 1155 1189 Nachsatz
1209 1138 1408 1205 streng
1465 1149 1781 1189 zusammen
1838 1135 2096 1207 bingen,
2169 1135 2400 1191 werden
2454 1130 2724 1206 folgende

73 1224 128 1275 5
174 1219 478 1291 Strophen
514 1220 959 1291 eingeschoben:

402 1361 487 1416 Tu
522 1359 770 1415 coelestis
804 1358 1120 1430 primitivus
1157 1355 1397 1433 signifer
1429 1360 1674 1429 militiae,

402 1447 665 1503 veritatis
700 1446 1010 1501 assertivus
1045 1443 1208 1501 testis
1245 1445 1456 1515 primus
1492 1447 1727 1517 gratiae,

403 1532 763 1590 fundamento
799 1533 946 1603 lapis
984 1531 1177 1600 vivus,
1214 1530 1371 1585 basis
1407 1533 1711 1602 patientiae.

404 1674 559 1731 Saxo
599 1689 811 1741 caesus,
846 1688 958 1728 non
992 1686 1288 1741 mucrone,
1325 1686 1430 1741 per
1465 1686 1731 1725 saxorum
1766 1671 2023 1742 cuspides

405 1776 613 1830 corpus
650 1758 882 1814 membri
918 1758 1183 1828 passione
1219 1756 1535 1811 circumcidi
1569 1757 1881 1828 praevides,
1970 1802 1975 1807 .

401 1847 475 1904 ad
510 1847 773 1902 decorem
806 1850 938 1900 sunt
973 1859 1202 1899 coronae
1240 1843 1515 1899 rubricati
1552 1842 1789 1914 lapides.

406 1987 490 2041 'l'u
526 1983 798 2040 coelorum
832 1984 1046 2054 primus
1084 1986 1320 2038 stratam
1356 1982 1674 2037 coaeternis
1710 1981 2020 2053 lapideam,

405 2078 467 2129 tu
503 2088 605 2143 per
642 2072 923 2129 Christum
958 2070 1278 2126 hebetatam
1313 2069 1524 2141 primus
1561 2070 1769 2126 transis
1806 2071 2214 2142 rhomphaeam,

405 2160 643 2231 primum
679 2174 915 2231 granum
951 2158 1305 2226 trituratum,
1342 2156 1525 2212 ditans
1562 2157 1775 2213 Christi
1809 2173 2011 2212 aream.

408 2298 534 2353 Tibi
568 2297 804 2368 primum
838 2301 1113 2352 reseratae
1147 2294 1279 2351 coeli
1313 2300 1513 2367 patent
1538 2296 1769 2369 Januae‚

404 2385 595 2442 Jesum
630 2383 790 2438 vides
826 2388 1138 2455 potestate,
1176 2384 1266 2438 cni
1302 2399 1521 2455 pugnas
1560 2387 1788 2437 strenue

407 2477 584 2540 stans,
623 2486 746 2525 cum
779 2470 962 2541 patris
995 2470 1299 2543 majestate
1335 2475 1516 2525 tecum
1550 2475 1641 2525 est
1678 2468 1917 2524 assidue.

404 2612 691 2666 Praestans
729 2610 886 2683 genti
917 2609 1279 2682 persequenti
1312 2625 1512 2681 preces
1544 2624 1655 2679 pro
1691 2607 1997 2678 lapidibus,

406 2714 476 2754 ne
512 2698 790 2768 rependas
827 2703 884 2753 te
919 2697 1133 2767 petenti
1170 2696 1389 2774 lapides
1424 2712 1531 2767 pro
1566 2695 1858 2766 precibus,

407 2785 507 2840 sed
540 2785 773 2856 indulge
808 2784 920 2856 piae
956 2784 1129 2840 menti
1162 2785 1293 2856 plus
1329 2799 1492 2855 quam
1529 2783 1702 2838 audet
1738 2782 1989 2839 vocibus.

179 2947 201 2966 ⁶
301 2958 460 3014 Nach
498 2960 534 3013 6
568 2957 719 3013 wird
754 2957 857 3013 das
892 2957 1029 3014 Lied
1063 2958 1164 3013 mit
1201 2957 1388 3013 diesen
1416 2957 1634 3012 Versen
1669 2957 2056 3029 geschlossen‚
2089 2955 2264 3011 deren
2298 2957 2332 3010 3
2362 2957 2511 3007 erste
2541 2952 2723 3009 clich-

114 3054 328 3107 toveus
366 3045 522 3101 nicht
557 3045 681 3099 hat:
1912 3060 1929 3075 ·

405 3183 514 3241 Ubi
548 3184 757 3237 chorus
790 3182 1089 3238 beatorum
1125 3181 1355 3237 laetatur
1392 3179 1715 3252 spirituum,

401 3271 499 3326 ubi
533 3269 733 3324 animae
760 3269 1049 3341 justorum
1086 3268 1246 3323 claro
1282 3269 1534 3341 gaudent
1567 3268 1798 3337 lumine,

406 3362 700 3413 cernentes
736 3372 858 3411 cum
885 3356 1076 3429 jubilo
1109 3371 1303 3429 regem
1338 3357 1395 3411 in
1432 3356 1640 3411 decore
1675 3372 1795 3411 suo.

402 3496 598 3553 Gloria
632 3502 692 3552 et
728 3495 913 3550 honor
948 3495 1086 3565 deo,
1127 3495 1224 3566 qui
1257 3499 1316 3550 te
1350 3492 1494 3550 flore
1529 3509 1704 3549 roseo

406 3583 708 3638 coronavit
740 3588 800 3638 et
832 3582 1047 3638 locavit
1080 3583 1139 3636 in
1173 3582 1382 3638 throno
1419 3581 1644 3636 sidereo
1664 3621 1679 3649 ‚

405 3670 593 3726 salvet
629 3686 762 3725 reos
799 3670 1028 3726 solvens
1064 3684 1166 3725 eos
1204 3685 1240 3724 a
1278 3667 1478 3724 mortis
1513 3667 1735 3723 aculeo.

692 3949 910 4026 1159.
964 3952 1080 4024 De
1129 3978 1184 4025 s.
1237 3951 1603 4052 Stephano
1657 3952 2149 4050 (wopan-ium).

127 4160 190 4222 1.
251 4150 432 4219 Hanc
474 4152 784 4219 concordi
826 4152 1134 4218 famulatu
1605 4152 1735 4217 Pro
1781 4159 2268 4235 persecutorum
2312 4150 2645 4236 precantis
2680 4154 2719 4214 5

260 4257 541 4321 colamus
587 4257 1123 4341 sollempnitatem
1141 4305 1158 4340 ,
1601 4252 1832 4319 fraude
1877 4272 2152 4320 suorum.

1472 4418 1532 4483 3.
1602 4416 1657 4482 Ο
1703 4416 2065 4503 Stephane,
2112 4419 2382 4503 signifer

132 4527 193 4591 2.
251 4519 557 4588 Auctoris
599 4521 771 4586 illius
814 4521 1115 4605 exemplo
1503 4610 1510 4614 .
1603 4521 1785 4604 regis
1829 4541 2071 4586 summe
2116 4521 2303 4605 boni,

257 4626 428 4692 docti
469 4627 752 4709 benigno
765 4673 784 4710 ,
1601 4641 1723 4687 nos
1769 4623 2034 4708 exaudi,
