3175 5234
2673 316 2808 383 *ze

193 500 471 567 Nicolao
513 501 840 565 mediante
1555 520 1685 585 quo
1728 503 1946 567 linitus
1992 501 2281 586 quisquis
2324 501 2471 586 fuit,
2715 504 2800 569 60
2929 528 2934 533 ·

195 610 265 667 et
304 602 372 666 in
415 602 651 685 pignus
696 600 837 665 auri
878 606 1094 666 stante
1360 602 1447 667 50
1639 602 1950 668 valedicit
1991 604 2192 685 pesti:
2310 660 2318 665 .

281 710 351 767 te
390 709 674 786 patrono
719 721 901 784 meo;
1150 763 1159 771 .
1552 704 1857 770 unctione
1902 703 2180 787 spiritali

195 805 317 871 sed
359 807 542 887 fraus
586 806 766 872 nulla
808 806 919 873 diu
961 807 1154 891 latet,
1640 804 1845 871 corda
1885 812 2107 870 nostra
2154 812 2355 889 tange

196 910 327 974 cito
373 910 668 974 revelata
710 917 896 994 patet
1553 916 1623 973 et
1665 928 1751 973 ex
1792 909 2096 975 unctione
2141 911 2287 989 tali,

284 1013 427 1077 lans
472 1018 539 1077 et
581 1012 792 1077 honor
840 1012 998 1078 deo:
1642 1010 1952 1094 quidquid
1995 1018 2227 1091 tumet,
2270 1013 2531 1096 frange,
2718 1015 2800 1077 65

198 1122 269 1179 tu
312 1131 435 1179 nos
476 1114 543 1178 in
585 1112 717 1178 fide
761 1115 1060 1196 stabiles,
1360 1116 1443 1178 55
1554 1114 1753 1196 aegris
1798 1112 1975 1178 dona
2020 1116 2362 1180 sanitatem

198 1215 285 1281 ad
329 1234 517 1281 omne
561 1219 801 1283 bonum
847 1216 1098 1282 habiles
1117 1263 1138 1300 ‚
1504 1202 1509 1207 ’
1641 1216 1937 1299 corporis
1985 1214 2296 1299 dolentis,

286 1318 520 1403 dignos
563 1319 670 1383 fac
714 1319 1031 1404 trophaeo.
1551 1325 1624 1382 ut
1664 1316 2001 1383 laudemus
2047 1320 2397 1384 trinitatem

1640 1420 1957 1505 sospitate
2000 1422 2250 1487 mentis.

198 1504 385 1590 Ave,
431 1507 615 1592 cujus
661 1512 885 1575 tumba
926 1509 1066 1576 fluit
2157 1509 2165 1517 ’

289 1609 437 1673 oleo
482 1610 731 1675 coelesti
746 1658 765 1693 ‚

382 1792 795 1865 Strassburger
830 1793 927 1849 Hs.
962 1793 1022 1850 E.
1059 1794 1177 1848 135.
1213 1793 1301 1849 Bl.
1339 1795 1426 1848 55.
1463 1793 1562 1849 des
1599 1796 1808 1850 14-15
1842 1796 2040 1852 Jahrb.

385 1915 458 1969 29
492 1914 692 1970 bessel-
719 1915 834 1969 sed.
898 1916 970 1970 30
1005 1915 1196 1984 salve,
1229 1914 1327 1973 Hs.
1397 1916 1468 1971 35
1503 1915 1688 1971 nescis
1723 1911 1766 1969 f.
1802 1920 1952 1971 naut.
1987 1915 2081 1971 Hs.
2151 1916 2223 1971 39
2256 1931 2319 1971 es
2355 1915 2509 1971 steht
2541 1914 2804 1971 sorbetis.

197 2002 272 2054 55
307 2005 369 2055 tu
404 1998 549 2057 fehlt
582 2001 685 2056 der
720 2001 816 2056 Hs.
905 2002 977 2056 60
1012 2001 1261 2072 quisque,
1298 2000 1395 2055 Hs.

375 2122 574 2177 Dieses
600 2122 736 2177 Lied
772 2122 998 2179 besteht
1031 2138 1133 2177 aus
1169 2121 1204 2176 6
1226 2120 1529 2192 Absitzen,
1567 2122 1740 2177 deren
1770 2121 1943 2194 jeder
1979 2120 2085 2178 auf
2112 2123 2321 2179 andere
2356 2123 2558 2179 Weiss
2593 2121 2810 2195 gebaut

198 2208 277 2263 ist
295 2249 311 2277 ,
373 2208 465 2263 die
500 2210 536 2262 5
573 2212 762 2263 ersten
799 2208 1201 2264 abwechselnd
1235 2207 1336 2263 mit
1370 2207 1522 2263 vier-
1556 2209 1669 2264 und
1706 2208 1803 2265 dre
1812 2208 2073 2282 izeiligen
2108 2209 2396 2280 Strophen
2418 2249 2433 2279 ,
2496 2210 2599 2265 der
2633 2209 2805 2264 letzte

196 2297 302 2352 hat
334 2312 442 2351 nur
474 2294 805 2367 vierzeilige
842 2293 1110 2366 tissime,
1157 2295 1313 2373 aber,
1334 2294 1456 2352 drei
1491 2294 1817 2366 del-selben,
1862 2297 2142 2353 wodurch
2178 2296 2268 2352 die
2305 2297 2526 2369 Aulage
2562 2296 2664 2352 der
2699 2309 2806 2350 vo-

197 2384 365 2456 rigen
396 2384 643 2440 Absfitze
680 2381 1020 2440 bechachtet
1055 2383 1146 2438 ist.

379 2506 444 2561 V.
481 2509 527 2560 1.
578 2504 836 2583 ὀρφανῶν
871 2509 961 2561 καὶ
992 2503 1177 2582 χηρῶν
1214 2503 1541 2581 προστάτης.
1593 2505 1724 2561 Dec.
1762 2507 1813 2561 6.
2811 2584 2816 2589 Δ

374 2593 443 2648 V.
481 2595 565 2648 18.
621 2595 680 2649 dx
715 2590 970 2649 θανάτου
1005 2590 1304 2668 λυτροῦσαι
1338 2589 1469 2656 τοὺς
1504 2588 1678 2664 ἀδίκῳ
1712 2591 1887 2666 ψήφῳ
1922 2589 2187 2663 θνήσκειν
2220 2592 2533 2665 μέλλοντας.
2584 2590 2720 2646 Ibid.

378 2682 446 2737 V.
482 2683 570 2736 37.
622 2684 868 2757 γνωρίζει
889 2662 1012 2738 ῗῶν
1046 2680 1161 2737 σῶν
1196 2677 1404 2758 ἀρετῶν
1437 2678 1502 2738 τὸ
1538 2682 1781 2754 πέλαγος
1815 2683 2034 2752 πένητες
2070 2678 2163 2736 τὸν
2199 2678 2520 2755 προστάτην.
2585 2677 2719 2733 Dec.
2756 2674 2807 2729 6.

578 2963 797 3040 1096.
867 2963 1146 3037 Nicolai
1199 2964 1513 3065 episcopi
1555 2961 1646 3034 ad
1699 2987 2048 3060 vesperas.
2122 2962 2447 3062 hymnus.

195 3192 416 3262 Adest
459 3192 600 3258 dies
644 3192 1048 3259 sanctissima
1069 3240 1090 3277 ‚
1556 3188 1682 3257 Hic
1724 3191 1969 3275 praesul
2012 3189 2257 3255 Christi
2298 3192 2535 3258 nobilis

197 3301 441 3366 virtute
486 3317 680 3365 sacra
723 3296 1069 3382 splendida
1082 3343 1101 3378 ,
1553 3312 1684 3378 pro
1726 3293 2066 3359 sanctitate
2109 3293 2348 3375 meriti,

201 3424 333 3488 qua
371 3400 683 3469 Nicolaus
727 3400 1087 3485 praeclarus
1559 3415 1688 3481 quo
1735 3397 1912 3461 illum
1958 3403 2400 3461 exornaverat
2722 3397 2802 3458 15

198 3510 457 3575 locatur
502 3506 566 3570 in
614 3506 1006 3572 coelestibns.
1559 3502 1844 3569 coelestis
1892 3503 2071 3584 regis
2115 3502 2350 3584 gratia.

199 3695 328 3762 Hic
370 3713 614 3779 parvus
656 3693 872 3758 infans
917 3707 1232 3776 corpore,
1411 3690 1449 3751 5
1558 3687 1847 3773 Adesto,
1891 3690 2134 3774 praesul
2180 3689 2437 3771 inclite,

200 3817 478 3880 magnus
524 3804 737 3861 tamen
783 3796 890 3861 dei
933 3794 1103 3877 fide‚‘
1384 3854 1391 3859 .
1558 3813 1922 3878 precesque
1966 3802 2224 3859 nostras
2272 3795 2531 3878 suscipe

202 3906 438 3983 quarta
480 3896 591 3961 vel
635 3903 825 3960 sexta
868 3894 1032 3960 feria
1560 3895 1853 3979 offerque
1899 3914 2143 3960 summo
2187 3895 2456 3980 praesuli

204 4004 410 4069 semel
454 4002 733 4084 sugebat
776 4000 999 4065 ubera.
1559 4014 1796 4080 preces
1841 3996 2116 4063 devotas
2162 3998 2407 4081 populi.
2728 3995 2812 4058 20

205 4191 465 4257 Virtute
509 4191 766 4273 fulgens
810 4188 1041 4268 nobili,
1561 4182 1666 4249 Sit
1709 4185 1977 4249 trinitati
2022 4185 2232 4267 gloria
2252 4232 2269 4266 ,

195 4293 504 4377 jejuniis,
548 4292 789 4374 vigiliis
1372 4287 1454 4353 10
1563 4296 1812 4354 aeterna
1854 4288 1999 4353 laus
2046 4297 2112 4353 et
2155 4288 2376 4354 inclita

208 4396 515 4463 domabat
558 4410 799 4477 corpus
832 4391 1141 4476 juvenis,
1562 4390 1690 4455 deo
1733 4392 1905 4475 patri
1950 4398 2017 4455 et
2062 4390 2195 4455 filio

206 4519 291 4565 ne
336 4496 695 4565 foedaretur
745 4497 936 4562 vitiis.
1559 4512 1707 4561 cum
1750 4493 2004 4561 flamine
2048 4493 2386 4578 paraclito.

384 4684 479 4741 Hs.
514 4699 630 4741 von
663 4682 724 4740 S.
756 4681 934 4739 Peter
967 4696 1041 4738 zu
1074 4679 1402 4758 Karlsruhe,
1435 4679 1544 4739 No.
1579 4681 1667 4734 32.
1703 4679 1804 4734 des
1844 4680 1909 4733 15
1945 4679 2141 4735 Jahrb.
2199 4699 2212 4712 ·
