<?xml version="1.0" encoding="UTF-8"?>
<!DOCTYPE html PUBLIC "-//W3C//DTD XHTML 1.0 Transitional//EN"
    "http://www.w3.org/TR/xhtml1/DTD/xhtml1-transitional.dtd">
<html xmlns="http://www.w3.org/1999/xhtml" xml:lang="en" lang="en">
 <head>
  <title>
</title>
<meta http-equiv="Content-Type" content="text/html;charset=utf-8" />
  <meta name='ocr-system' content='tesseract 3.04.00' />
  <meta name='ocr-capabilities' content='ocr_page ocr_carea ocr_par ocr_line ocrx_word'/>
</head>
<body>
  <div class='ocr_page' id='page_1' title='image "./lateinischehymn04monegoog/lateinischehymn04monegoog_0409.png"; bbox 0 0 3175 5234; ppageno 0'>
   <div class='ocr_carea' id='block_1_1' title="bbox 2682 291 2821 356">
    <p class='ocr_par' dir='ltr' id='par_1_1' title="bbox 2682 291 2821 356">
     <span class='ocr_line' id='line_1_1' title="bbox 2682 291 2821 356; baseline 0 0"><span class='ocrx_word' id='word_1_1' title='bbox 2682 291 2821 356; x_wconf 68' lang='lat' dir='ltr'>m</span> 
     </span>
    </p>
   </div>
   <div class='ocr_carea' id='block_1_2' title="bbox 381 464 2084 538">
    <p class='ocr_par' dir='ltr' id='par_1_2' title="bbox 381 464 2084 538">
     <span class='ocr_line' id='line_1_2' title="bbox 381 464 2084 538; baseline 0.001 -18"><span class='ocrx_word' id='word_1_2' title='bbox 381 466 478 520; x_wconf 81' lang='lat' dir='ltr'>Hs.</span> <span class='ocrx_word' id='word_1_3' title='bbox 528 481 599 520; x_wconf 76' lang='lat' dir='ltr'>zu</span> <span class='ocrx_word' id='word_1_4' title='bbox 633 464 990 520; x_wconf 66' lang='lat' dir='ltr'>mchoenthal</span> <span class='ocrx_word' id='word_1_5' title='bbox 1024 481 1127 520; x_wconf 73' lang='lat' dir='ltr'>aus</span> <span class='ocrx_word' id='word_1_6' title='bbox 1163 465 1287 520; x_wconf 83' lang='lat' dir='ltr'>dem</span> <span class='ocrx_word' id='word_1_7' title='bbox 1330 468 1395 520; x_wconf 63' lang='lat'>14</span> <span class='ocrx_word' id='word_1_8' title='bbox 1427 466 1630 522; x_wconf 82' lang='lat' dir='ltr'>Jahrb.</span> <span class='ocrx_word' id='word_1_9' title='bbox 1690 470 1764 524; x_wconf 74' lang='lat'>‘12</span> <span class='ocrx_word' id='word_1_10' title='bbox 1793 468 1948 538; x_wconf 73' lang='lat' dir='ltr'>vitae,</span> <span class='ocrx_word' id='word_1_11' title='bbox 1984 468 2084 524; x_wconf 79' lang='lat' dir='ltr'>Hs.</span> 
     </span>
    </p>
   </div>
   <div class='ocr_carea' id='block_1_3' title="bbox 203 589 2813 824">
    <p class='ocr_par' dir='ltr' id='par_1_3' title="bbox 203 589 2813 824">
     <span class='ocr_line' id='line_1_3' title="bbox 379 589 2812 663; baseline 0.005 -17"><span class='ocrx_word' id='word_1_12' title='bbox 379 593 445 647; x_wconf 87' lang='lat' dir='ltr'>V.</span> <span class='ocrx_word' id='word_1_13' title='bbox 482 595 550 647; x_wconf 85' lang='lat'>21</span> <span class='ocrx_word' id='word_1_14' title='bbox 601 593 755 647; x_wconf 82' lang='lat' dir='ltr'>steht</span> <span class='ocrx_word' id='word_1_15' title='bbox 788 592 1016 647; x_wconf 77' lang='lat' dir='ltr'>Pontini</span> <span class='ocrx_word' id='word_1_16' title='bbox 1061 592 1238 647; x_wconf 80' lang='lat' dir='ltr'>durch</span> <span class='ocrx_word' id='word_1_17' title='bbox 1272 589 1728 663; x_wconf 80' lang='lat' dir='ltr'>Sebroibfehler,</span> <span class='ocrx_word' id='word_1_18' title='bbox 1788 611 1851 650; x_wconf 88' lang='lat' dir='ltr'>es</span> <span class='ocrx_word' id='word_1_19' title='bbox 1899 595 1976 650; x_wconf 82' lang='lat' dir='ltr'>ist</span> <span class='ocrx_word' id='word_1_20' title='bbox 2021 594 2112 649; x_wconf 84' lang='lat' dir='ltr'>(lie</span> <span class='ocrx_word' id='word_1_21' title='bbox 2147 597 2494 656; x_wconf 81' lang='lat' dir='ltr'>Landschaft</span> <span class='ocrx_word' id='word_1_22' title='bbox 2528 602 2812 659; x_wconf 83' lang='lat' dir='ltr'>Pontbieu</span> 
     </span>
     <span class='ocr_line' id='line_1_4' title="bbox 205 678 2813 753; baseline 0.005 -20"><span class='ocrx_word' id='word_1_23' title='bbox 205 680 261 735; x_wconf 90' lang='lat' dir='ltr'>in</span> <span class='ocrx_word' id='word_1_24' title='bbox 311 679 413 734; x_wconf 83' lang='lat' dir='ltr'>der</span> <span class='ocrx_word' id='word_1_25' title='bbox 444 678 733 749; x_wconf 81' lang='lat' dir='ltr'>Picardie,</span> <span class='ocrx_word' id='word_1_26' title='bbox 794 679 1012 733; x_wconf 78' lang='lat' dir='ltr'><strong>welche</strong></span> <span class='ocrx_word' id='word_1_27' title='bbox 1060 679 1135 733; x_wconf 87' lang='lat' dir='ltr'>im</span> <span class='ocrx_word' id='word_1_28' title='bbox 1179 679 1512 736; x_wconf 75' lang='lat' dir='ltr'>ffittelalter</span> <span class='ocrx_word' id='word_1_29' title='bbox 1563 695 1750 753; x_wconf 80' lang='lat' dir='ltr'>pagus</span> <span class='ocrx_word' id='word_1_30' title='bbox 1797 682 2070 739; x_wconf 85' lang='lat' dir='ltr'>Pontivus</span> <span class='ocrx_word' id='word_1_31' title='bbox 2121 684 2289 741; x_wconf 84' lang='lat' dir='ltr'>hiess.</span> <span class='ocrx_word' id='word_1_32' title='bbox 2371 688 2564 744; x_wconf 80' lang='lat' dir='ltr'>Samia</span> <span class='ocrx_word' id='word_1_33' title='bbox 2598 689 2675 745; x_wconf 85' lang='lat' dir='ltr'>ist</span> <span class='ocrx_word' id='word_1_34' title='bbox 2709 691 2813 746; x_wconf 79' lang='lat' dir='ltr'>der</span> 
     </span>
     <span class='ocr_line' id='line_1_5' title="bbox 203 768 647 824; baseline -0.005 0"><span class='ocrx_word' id='word_1_35' title='bbox 203 768 370 824; x_wconf 82' lang='lat' dir='ltr'>Fluss</span> <span class='ocrx_word' id='word_1_36' title='bbox 406 768 647 824; x_wconf 84' lang='lat' dir='ltr'>Somme.</span> 
     </span>
    </p>
   </div>
   <div class='ocr_carea' id='block_1_4' title="bbox 863 1119 2171 1224">
    <p class='ocr_par' dir='ltr' id='par_1_4' title="bbox 863 1119 2171 1224">
     <span class='ocr_line' id='line_1_6' title="bbox 863 1119 2171 1224; baseline 0.002 -31"><span class='ocrx_word' id='word_1_37' title='bbox 863 1120 1035 1194; x_wconf 78' lang='lat'><strong>978.</strong></span> <span class='ocrx_word' id='word_1_38' title='bbox 1106 1119 1370 1224; x_wconf 81' lang='lat' dir='ltr'>Versus</span> <span class='ocrx_word' id='word_1_39' title='bbox 1424 1120 1511 1192; x_wconf 91' lang='lat' dir='ltr'>de</span> <span class='ocrx_word' id='word_1_40' title='bbox 1563 1133 1805 1194; x_wconf 81' lang='lat' dir='ltr'>sancta</span> <span class='ocrx_word' id='word_1_41' title='bbox 1858 1122 2171 1206; x_wconf 74' lang='lat' dir='ltr'>Juliana.</span> 
     </span>
    </p>
   </div>
   <div class='ocr_carea' id='block_1_5' title="bbox 410 1335 2344 1651">
    <p class='ocr_par' dir='ltr' id='par_1_5' title="bbox 410 1335 2344 1651">
     <span class='ocr_line' id='line_1_7' title="bbox 412 1335 2040 1446; baseline -0.001 -19"><span class='ocrx_word' id='word_1_42' title='bbox 412 1335 609 1427; x_wconf 69' lang='lat' dir='ltr'>Alma</span> <span class='ocrx_word' id='word_1_43' title='bbox 652 1359 877 1443; x_wconf 83' lang='lat' dir='ltr'>virgo,</span> <span class='ocrx_word' id='word_1_44' title='bbox 921 1378 1164 1443; x_wconf 87' lang='lat' dir='ltr'>sponsa</span> <span class='ocrx_word' id='word_1_45' title='bbox 1210 1361 1418 1442; x_wconf 84' lang='lat' dir='ltr'>regis,</span> <span class='ocrx_word' id='word_1_46' title='bbox 1464 1359 1726 1425; x_wconf 85' lang='lat' dir='ltr'>Juliana</span> <span class='ocrx_word' id='word_1_47' title='bbox 1772 1361 2040 1446; x_wconf 91' lang='lat' dir='ltr'>nobilis,</span> 
     </span>
     <span class='ocr_line' id='line_1_8' title="bbox 413 1463 2344 1551; baseline 0.003 -25"><span class='ocrx_word' id='word_1_48' title='bbox 413 1472 478 1527; x_wconf 84' lang='lat' dir='ltr'>te</span> <span class='ocrx_word' id='word_1_49' title='bbox 523 1463 754 1551; x_wconf 83' lang='lat' dir='ltr'>elegit,</span> <span class='ocrx_word' id='word_1_50' title='bbox 802 1464 911 1544; x_wconf 88' lang='lat' dir='ltr'>qui</span> <span class='ocrx_word' id='word_1_51' title='bbox 955 1463 1338 1546; x_wconf 82' lang='lat' dir='ltr'><strong>plasmavit,</strong></span> <span class='ocrx_word' id='word_1_52' title='bbox 1387 1463 1647 1545; x_wconf 89' lang='lat' dir='ltr'>quando</span> <span class='ocrx_word' id='word_1_53' title='bbox 1691 1464 1993 1529; x_wconf 90' lang='lat' dir='ltr'>mundum</span> <span class='ocrx_word' id='word_1_54' title='bbox 2043 1467 2344 1533; x_wconf 85' lang='lat' dir='ltr'>condidit.</span> 
     </span>
     <span class='ocr_line' id='line_1_9' title="bbox 410 1565 2006 1651; baseline 0 -19"><span class='ocrx_word' id='word_1_55' title='bbox 410 1565 771 1633; x_wconf 81' lang='lat' dir='ltr'>Jubilemus</span> <span class='ocrx_word' id='word_1_56' title='bbox 819 1565 1081 1630; x_wconf 80' lang='lat' dir='ltr'>Christo</span> <span class='ocrx_word' id='word_1_57' title='bbox 1126 1568 1271 1648; x_wconf 83' lang='lat' dir='ltr'>regi</span> <span class='ocrx_word' id='word_1_58' title='bbox 1314 1575 1380 1630; x_wconf 87' lang='lat' dir='ltr'>et</span> <span class='ocrx_word' id='word_1_59' title='bbox 1424 1567 1705 1632; x_wconf 79' lang='lat' dir='ltr'>Julianae</span> <span class='ocrx_word' id='word_1_60' title='bbox 1748 1569 2006 1651; x_wconf 81' lang='lat' dir='ltr'>virgini.</span> 
     </span>
    </p>
   </div>
   <div class='ocr_carea' id='block_1_6' title="bbox 410 1737 2809 2019">
    <p class='ocr_par' dir='ltr' id='par_1_6' title="bbox 410 1737 2809 2019">
     <span class='ocr_line' id='line_1_10' title="bbox 411 1737 2040 1824; baseline 0.003 -22"><span class='ocrx_word' id='word_1_61' title='bbox 411 1737 577 1803; x_wconf 87' lang='lat' dir='ltr'>Tota</span> <span class='ocrx_word' id='word_1_62' title='bbox 620 1738 897 1821; x_wconf 86' lang='lat' dir='ltr'>pulchra</span> <span class='ocrx_word' id='word_1_63' title='bbox 943 1757 1014 1801; x_wconf 90' lang='lat' dir='ltr'>es</span> <span class='ocrx_word' id='word_1_64' title='bbox 1062 1738 1300 1822; x_wconf 85' lang='lat' dir='ltr'>amica,</span> <span class='ocrx_word' id='word_1_65' title='bbox 1346 1739 1485 1802; x_wconf 89' lang='lat' dir='ltr'>sine</span> <span class='ocrx_word' id='word_1_66' title='bbox 1532 1741 1705 1803; x_wconf 76' lang='lat' dir='ltr'>naevi</span> <span class='ocrx_word' id='word_1_67' title='bbox 1753 1743 2040 1824; x_wconf 86' lang='lat' dir='ltr'>macula,</span> 
     </span>
     <span class='ocr_line' id='line_1_11' title="bbox 412 1841 2809 1926; baseline 0.005 -21"><span class='ocrx_word' id='word_1_68' title='bbox 412 1850 478 1905; x_wconf 86' lang='lat' dir='ltr'>et</span> <span class='ocrx_word' id='word_1_69' title='bbox 523 1841 765 1906; x_wconf 85' lang='lat' dir='ltr'>decora</span> <span class='ocrx_word' id='word_1_70' title='bbox 811 1861 889 1906; x_wconf 88' lang='lat' dir='ltr'>ac</span> <span class='ocrx_word' id='word_1_71' title='bbox 934 1842 1258 1926; x_wconf 81' lang='lat' dir='ltr'>praeclara</span> <span class='ocrx_word' id='word_1_72' title='bbox 1301 1842 1528 1906; x_wconf 89' lang='lat' dir='ltr'>summi</span> <span class='ocrx_word' id='word_1_73' title='bbox 1571 1844 1750 1925; x_wconf 83' lang='lat' dir='ltr'>regis</span> <span class='ocrx_word' id='word_1_74' title='bbox 1797 1843 2056 1909; x_wconf 85' lang='lat' dir='ltr'>famula.</span> <span class='ocrx_word' id='word_1_75' title='bbox 2769 1854 2809 1916; x_wconf 78' lang='lat'><strong>5</strong></span> 
     </span>
     <span class='ocr_line' id='line_1_12' title="bbox 410 1945 934 2019; baseline 0 -9"><span class='ocrx_word' id='word_1_76' title='bbox 410 1945 790 2019; x_wconf 84' lang='lat' dir='ltr'>Jubilemus</span> <span class='ocrx_word' id='word_1_77' title='bbox 812 1953 934 2010; x_wconf 85' lang='lat' dir='ltr'>cet.</span> 
     </span>
    </p>
   </div>
   <div class='ocr_carea' id='block_1_7' title="bbox 406 2114 2330 2396">
    <p class='ocr_par' dir='ltr' id='par_1_7' title="bbox 406 2114 2330 2396">
     <span class='ocr_line' id='line_1_13' title="bbox 406 2114 2330 2205; baseline 0.003 -25"><span class='ocrx_word' id='word_1_78' title='bbox 406 2114 573 2182; x_wconf 84' lang='lat' dir='ltr'><strong>Sunt</strong></span> <span class='ocrx_word' id='word_1_79' title='bbox 617 2117 885 2202; x_wconf 82' lang='lat' dir='ltr'>pollutae</span> <span class='ocrx_word' id='word_1_80' title='bbox 927 2137 1155 2182; x_wconf 87' lang='lat' dir='ltr'>manus</span> <span class='ocrx_word' id='word_1_81' title='bbox 1201 2125 1444 2182; x_wconf 82' lang='lat' dir='ltr'>nostrae</span> <span class='ocrx_word' id='word_1_82' title='bbox 1497 2119 1668 2183; x_wconf 91' lang='lat' dir='ltr'>omni</span> <span class='ocrx_word' id='word_1_83' title='bbox 1715 2138 1986 2203; x_wconf 88' lang='lat' dir='ltr'>prorsus</span> <span class='ocrx_word' id='word_1_84' title='bbox 2032 2120 2330 2205; x_wconf 85' lang='lat' dir='ltr'>crimine,</span> 
     </span>
     <span class='ocr_line' id='line_1_14' title="bbox 407 2219 2270 2324; baseline 0.003 -41"><span class='ocrx_word' id='word_1_85' title='bbox 407 2219 537 2301; x_wconf 88' lang='lat' dir='ltr'>his,</span> <span class='ocrx_word' id='word_1_86' title='bbox 583 2239 959 2304; x_wconf 80' lang='lat' dir='ltr'>precamur,</span> <span class='ocrx_word' id='word_1_87' title='bbox 1004 2227 1076 2285; x_wconf 84' lang='lat' dir='ltr'>ut</span> <span class='ocrx_word' id='word_1_88' title='bbox 1118 2222 1410 2303; x_wconf 78' lang='lat' dir='ltr'>preceris</span> <span class='ocrx_word' id='word_1_89' title='bbox 1435 2269 1452 2304; x_wconf 88' lang='lat'>,</span> <span class='ocrx_word' id='word_1_90' title='bbox 1497 2240 1618 2287; x_wconf 89' lang='lat' dir='ltr'>nos</span> <span class='ocrx_word' id='word_1_91' title='bbox 1667 2223 1921 2324; x_wconf 82' lang='lat' dir='ltr'>absolvi</span> <span class='ocrx_word' id='word_1_92' title='bbox 1963 2223 2270 2306; x_wconf 79' lang='lat' dir='ltr'>vinculis3</span> 
     </span>
     <span class='ocr_line' id='line_1_15' title="bbox 407 2323 934 2396; baseline -0.004 -5"><span class='ocrx_word' id='word_1_93' title='bbox 407 2323 765 2391; x_wconf 81' lang='lat' dir='ltr'>Jubilemus</span> <span class='ocrx_word' id='word_1_94' title='bbox 811 2332 934 2396; x_wconf 76' lang='lat' dir='ltr'>cet.</span> 
     </span>
    </p>
   </div>
   <div class='ocr_carea' id='block_1_8' title="bbox 405 2496 2269 2771">
    <p class='ocr_par' dir='ltr' id='par_1_8' title="bbox 405 2496 2269 2771">
     <span class='ocr_line' id='line_1_16' title="bbox 413 2496 2269 2586; baseline 0.002 -25"><span class='ocrx_word' id='word_1_95' title='bbox 413 2496 553 2575; x_wconf 80' lang='lat' dir='ltr'>Quo</span> <span class='ocrx_word' id='word_1_96' title='bbox 598 2505 966 2564; x_wconf 84' lang='lat' dir='ltr'>sanctorum</span> <span class='ocrx_word' id='word_1_97' title='bbox 1013 2507 1241 2565; x_wconf 81' lang='lat' dir='ltr'>sancta</span> <span class='ocrx_word' id='word_1_98' title='bbox 1284 2501 1479 2566; x_wconf 89' lang='lat' dir='ltr'>simus</span> <span class='ocrx_word' id='word_1_99' title='bbox 1525 2499 1711 2585; x_wconf 79' lang='lat' dir='ltr'>digni</span> <span class='ocrx_word' id='word_1_100' title='bbox 1755 2500 1937 2586; x_wconf 84' lang='lat' dir='ltr'>puris</span> <span class='ocrx_word' id='word_1_101' title='bbox 1972 2501 2269 2567; x_wconf 80' lang='lat' dir='ltr'>sensibus</span> 
     </span>
     <span class='ocr_line' id='line_1_17' title="bbox 405 2601 1953 2670; baseline 0.005 -7"><span class='ocrx_word' id='word_1_102' title='bbox 405 2601 673 2665; x_wconf 81' lang='lat' dir='ltr'>introire</span> <span class='ocrx_word' id='word_1_103' title='bbox 718 2609 784 2664; x_wconf 84' lang='lat' dir='ltr'>et</span> <span class='ocrx_word' id='word_1_104' title='bbox 830 2610 1115 2668; x_wconf 84' lang='lat' dir='ltr'>tractare</span> <span class='ocrx_word' id='word_1_105' title='bbox 1159 2607 1448 2669; x_wconf 87' lang='lat' dir='ltr'>membra</span> <span class='ocrx_word' id='word_1_106' title='bbox 1492 2606 1953 2670; x_wconf 86' lang='lat' dir='ltr'>sacratissima.</span> 
     </span>
     <span class='ocr_line' id='line_1_18' title="bbox 407 2703 932 2771; baseline 0.002 -3"><span class='ocrx_word' id='word_1_107' title='bbox 407 2703 766 2769; x_wconf 85' lang='lat' dir='ltr'>Jubilemus</span> <span class='ocrx_word' id='word_1_108' title='bbox 811 2713 932 2771; x_wconf 88' lang='lat' dir='ltr'>cet.</span> 
     </span>
    </p>
   </div>
   <div class='ocr_carea' id='block_1_9' title="bbox 403 2874 2805 3150">
    <p class='ocr_par' dir='ltr' id='par_1_9' title="bbox 403 2874 2805 3150">
     <span class='ocr_line' id='line_1_19' title="bbox 403 2874 2805 2978; baseline 0.003 -38"><span class='ocrx_word' id='word_1_109' title='bbox 403 2874 657 2960; x_wconf 84' lang='lat' dir='ltr'>Surge,</span> <span class='ocrx_word' id='word_1_110' title='bbox 703 2886 930 2943; x_wconf 81' lang='lat' dir='ltr'>sancta</span> <span class='ocrx_word' id='word_1_111' title='bbox 971 2878 1263 2963; x_wconf 85' lang='lat' dir='ltr'>Juliana,</span> <span class='ocrx_word' id='word_1_112' title='bbox 1308 2881 1644 2946; x_wconf 77' lang='lat' dir='ltr'>mansione</span> <span class='ocrx_word' id='word_1_113' title='bbox 1687 2883 1961 2978; x_wconf 81' lang='lat' dir='ltr'>propria</span> <span class='ocrx_word' id='word_1_114' title='bbox 2725 2886 2805 2949; x_wconf 89' lang='grc'>10</span> 
     </span>
     <span class='ocr_line' id='line_1_20' title="bbox 403 2979 1992 3066; baseline 0.003 -24"><span class='ocrx_word' id='word_1_115' title='bbox 403 2986 468 3043; x_wconf 87' lang='lat' dir='ltr'>et</span> <span class='ocrx_word' id='word_1_116' title='bbox 512 2979 799 3063; x_wconf 79' lang='lat' dir='ltr'>procede</span> <span class='ocrx_word' id='word_1_117' title='bbox 845 2999 1063 3046; x_wconf 87' lang='lat' dir='ltr'>coram</span> <span class='ocrx_word' id='word_1_118' title='bbox 1107 2982 1301 3065; x_wconf 87' lang='lat' dir='ltr'>plebe</span> <span class='ocrx_word' id='word_1_119' title='bbox 1344 2984 1469 3047; x_wconf 85' lang='lat' dir='ltr'>iter</span> <span class='ocrx_word' id='word_1_120' title='bbox 1511 2984 1694 3048; x_wconf 77' lang='lat' dir='ltr'>mirae</span> <span class='ocrx_word' id='word_1_121' title='bbox 1741 2983 1992 3066; x_wconf 73' lang='lat' dir='ltr'>gloriae.</span> 
     </span>
     <span class='ocr_line' id='line_1_21' title="bbox 403 3085 928 3150; baseline -0.002 0"><span class='ocrx_word' id='word_1_122' title='bbox 403 3085 448 3150; x_wconf 88' lang='lat' dir='ltr'><strong>J</strong></span> <span class='ocrx_word' id='word_1_123' title='bbox 451 3086 761 3150; x_wconf 82' lang='lat' dir='ltr'>ubssemus</span> <span class='ocrx_word' id='word_1_124' title='bbox 809 3092 928 3149; x_wconf 85' lang='lat' dir='ltr'>cet.</span> 
     </span>
    </p>
   </div>
   <div class='ocr_carea' id='block_1_10' title="bbox 403 3256 2319 3530">
    <p class='ocr_par' dir='ltr' id='par_1_10' title="bbox 403 3256 2319 3530">
     <span class='ocr_line' id='line_1_22' title="bbox 406 3256 2319 3361; baseline 0.002 -39"><span class='ocrx_word' id='word_1_125' title='bbox 406 3256 651 3323; x_wconf 89' lang='lat' dir='ltr'>Libens</span> <span class='ocrx_word' id='word_1_126' title='bbox 694 3276 904 3340; x_wconf 74' lang='lat' dir='ltr'>perge</span> <span class='ocrx_word' id='word_1_127' title='bbox 950 3276 1222 3361; x_wconf 88' lang='lat' dir='ltr'>sacrans</span> <span class='ocrx_word' id='word_1_128' title='bbox 1265 3258 1412 3324; x_wconf 77' lang='lat' dir='ltr'>locu</span> <span class='ocrx_word' id='word_1_129' title='bbox 1455 3258 1718 3343; x_wconf 87' lang='lat' dir='ltr'>plebem</span> <span class='ocrx_word' id='word_1_130' title='bbox 1763 3265 1958 3342; x_wconf 86' lang='lat' dir='ltr'>atque</span> <span class='ocrx_word' id='word_1_131' title='bbox 2003 3266 2319 3343; x_wconf 82' lang='lat' dir='ltr'>protege,</span> 
     </span>
     <span class='ocr_line' id='line_1_23' title="bbox 403 3361 2021 3446; baseline 0.002 -23"><span class='ocrx_word' id='word_1_132' title='bbox 403 3363 622 3443; x_wconf 88' lang='lat' dir='ltr'>sisque</span> <span class='ocrx_word' id='word_1_133' title='bbox 667 3361 858 3426; x_wconf 90' lang='lat' dir='ltr'>nobis</span> <span class='ocrx_word' id='word_1_134' title='bbox 901 3368 968 3426; x_wconf 84' lang='lat' dir='ltr'>et</span> <span class='ocrx_word' id='word_1_135' title='bbox 1011 3362 1292 3445; x_wconf 83' lang='lat' dir='ltr'>benigna</span> <span class='ocrx_word' id='word_1_136' title='bbox 1336 3380 1415 3427; x_wconf 83' lang='lat' dir='ltr'>ac</span> <span class='ocrx_word' id='word_1_137' title='bbox 1460 3363 1718 3427; x_wconf 81' lang='lat' dir='ltr'>oratrix</span> <span class='ocrx_word' id='word_1_138' title='bbox 1759 3362 2021 3446; x_wconf 83' lang='lat' dir='ltr'>optima.</span> 
     </span>
     <span class='ocr_line' id='line_1_24' title="bbox 403 3462 930 3530; baseline 0 -1"><span class='ocrx_word' id='word_1_139' title='bbox 403 3462 763 3530; x_wconf 81' lang='lat' dir='ltr'>Jubilemus</span> <span class='ocrx_word' id='word_1_140' title='bbox 809 3472 930 3529; x_wconf 84' lang='lat' dir='ltr'>cet.</span> 
     </span>
    </p>
   </div>
   <div class='ocr_carea' id='block_1_11' title="bbox 404 3633 2800 3905">
    <p class='ocr_par' dir='ltr' id='par_1_11' title="bbox 404 3633 2800 3905">
     <span class='ocr_line' id='line_1_25' title="bbox 404 3633 2102 3721; baseline 0.003 -23"><span class='ocrx_word' id='word_1_141' title='bbox 404 3633 821 3699; x_wconf 77' lang='lat' dir='ltr'>Gratulentur</span> <span class='ocrx_word' id='word_1_142' title='bbox 869 3634 1266 3699; x_wconf 82' lang='lat' dir='ltr'>confluentes</span> <span class='ocrx_word' id='word_1_143' title='bbox 1313 3635 1517 3699; x_wconf 90' lang='lat' dir='ltr'>omnis</span> <span class='ocrx_word' id='word_1_144' title='bbox 1562 3653 1759 3700; x_wconf 85' lang='lat' dir='ltr'>sexus</span> <span class='ocrx_word' id='word_1_145' title='bbox 1806 3637 2102 3721; x_wconf 75' lang='lat' dir='ltr'>ordineS,</span> 
     </span>
     <span class='ocr_line' id='line_1_26' title="bbox 405 3738 2800 3806; baseline 0.002 -5"><span class='ocrx_word' id='word_1_146' title='bbox 405 3738 821 3801; x_wconf 77' lang='lat' dir='ltr'>concinentes</span> <span class='ocrx_word' id='word_1_147' title='bbox 868 3757 994 3801; x_wconf 92' lang='lat' dir='ltr'>una</span> <span class='ocrx_word' id='word_1_148' title='bbox 1033 3754 1198 3803; x_wconf 84' lang='lat' dir='ltr'>voce</span> <span class='ocrx_word' id='word_1_149' title='bbox 1246 3739 1562 3804; x_wconf 81' lang='lat' dir='ltr'>canticum</span> <span class='ocrx_word' id='word_1_150' title='bbox 1606 3738 1872 3805; x_wconf 80' lang='lat' dir='ltr'>laetitiae.</span> <span class='ocrx_word' id='word_1_151' title='bbox 2017 3779 2027 3787; x_wconf 94' lang='lat'><em>-</em></span> <span class='ocrx_word' id='word_1_152' title='bbox 2720 3744 2800 3806; x_wconf 86' lang='lat'>15</span> 
     </span>
     <span class='ocr_line' id='line_1_27' title="bbox 404 3837 986 3905; baseline -0.003 0"><span class='ocrx_word' id='word_1_153' title='bbox 404 3837 762 3905; x_wconf 81' lang='lat' dir='ltr'>Jubilemus</span> <span class='ocrx_word' id='word_1_154' title='bbox 808 3848 930 3905; x_wconf 83' lang='lat' dir='ltr'>cet.</span> <span class='ocrx_word' id='word_1_155' title='bbox 981 3839 986 3845; x_wconf 83' lang='grc'><strong>’</strong></span> 
     </span>
    </p>
   </div>
   <div class='ocr_carea' id='block_1_12' title="bbox 402 4010 2267 4285">
    <p class='ocr_par' dir='ltr' id='par_1_12' title="bbox 402 4010 2267 4285">
     <span class='ocr_line' id='line_1_28' title="bbox 403 4010 2267 4102; baseline 0.002 -25"><span class='ocrx_word' id='word_1_156' title='bbox 403 4011 568 4078; x_wconf 78' lang='lat' dir='ltr'>Esto</span> <span class='ocrx_word' id='word_1_157' title='bbox 612 4013 799 4078; x_wconf 80' lang='lat' dir='ltr'>fortis</span> <span class='ocrx_word' id='word_1_158' title='bbox 846 4013 1085 4078; x_wconf 83' lang='lat' dir='ltr'>fautrix</span> <span class='ocrx_word' id='word_1_159' title='bbox 1131 4016 1406 4095; x_wconf 85' lang='lat' dir='ltr'>cunctis,</span> <span class='ocrx_word' id='word_1_160' title='bbox 1453 4016 1628 4080; x_wconf 85' lang='lat' dir='ltr'>sanis</span> <span class='ocrx_word' id='word_1_161' title='bbox 1673 4024 1868 4098; x_wconf 80' lang='lat' dir='ltr'>atque</span> <span class='ocrx_word' id='word_1_162' title='bbox 1884 4010 2267 4102; x_wconf 82' lang='lat' dir='ltr'>languidis,</span> 
     </span>
     <span class='ocr_line' id='line_1_29' title="bbox 402 4116 2140 4187; baseline 0.002 -6"><span class='ocrx_word' id='word_1_163' title='bbox 402 4124 475 4181; x_wconf 84' lang='lat' dir='ltr'>ut</span> <span class='ocrx_word' id='word_1_164' title='bbox 518 4116 819 4181; x_wconf 84' lang='lat' dir='ltr'>laudetur</span> <span class='ocrx_word' id='word_1_165' title='bbox 863 4133 1095 4181; x_wconf 90' lang='lat' dir='ltr'>nomen</span> <span class='ocrx_word' id='word_1_166' title='bbox 1143 4116 1384 4181; x_wconf 86' lang='lat' dir='ltr'>Christi</span> <span class='ocrx_word' id='word_1_167' title='bbox 1428 4135 1574 4184; x_wconf 84' lang='lat' dir='ltr'>aevo</span> <span class='ocrx_word' id='word_1_168' title='bbox 1622 4128 1853 4187; x_wconf 76' lang='lat' dir='ltr'>cuncto</span> <span class='ocrx_word' id='word_1_169' title='bbox 1901 4121 2140 4185; x_wconf 84' lang='lat' dir='ltr'>saeculi</span> 
     </span>
     <span class='ocr_line' id='line_1_30' title="bbox 405 4219 931 4285; baseline 0.002 -1"><span class='ocrx_word' id='word_1_170' title='bbox 405 4219 765 4285; x_wconf 87' lang='lat' dir='ltr'>Jubilemus</span> <span class='ocrx_word' id='word_1_171' title='bbox 811 4229 931 4285; x_wconf 87' lang='lat' dir='ltr'>cet.</span> 
     </span>
    </p>
   </div>
   <div class='ocr_carea' id='block_1_13' title="bbox 197 4378 2795 4544">
    <p class='ocr_par' dir='ltr' id='par_1_13' title="bbox 197 4378 2795 4544">
     <span class='ocr_line' id='line_1_31' title="bbox 375 4378 2795 4498; baseline -0.001 -60"><span class='ocrx_word' id='word_1_172' title='bbox 375 4382 470 4438; x_wconf 85' lang='lat' dir='ltr'>Hs.</span> <span class='ocrx_word' id='word_1_173' title='bbox 509 4400 578 4438; x_wconf 86' lang='lat' dir='ltr'>zu</span> <span class='ocrx_word' id='word_1_174' title='bbox 613 4383 1076 4453; x_wconf 52' lang='lat' dir='ltr'>manahemclm.</span> <span class='ocrx_word' id='word_1_175' title='bbox 1115 4380 1381 4439; x_wconf 65' lang='lat'>170221’.</span> <span class='ocrx_word' id='word_1_176' title='bbox 1419 4385 1537 4440; x_wconf 81' lang='grc'><strong>128.</strong></span> <span class='ocrx_word' id='word_1_177' title='bbox 1573 4383 1681 4440; x_wconf 74' lang='lat' dir='ltr'>des</span> <span class='ocrx_word' id='word_1_178' title='bbox 1712 4385 1783 4439; x_wconf 82' lang='lat'>1⁰</span> <span class='ocrx_word' id='word_1_179' title='bbox 1815 4383 2014 4440; x_wconf 75' lang='lat' dir='ltr'>Jahrh.</span> <span class='ocrx_word' id='word_1_180' title='bbox 2081 4383 2218 4440; x_wconf 82' lang='lat' dir='ltr'>Dies</span> <span class='ocrx_word' id='word_1_181' title='bbox 2252 4382 2391 4439; x_wconf 75' lang='lat' dir='ltr'>Lied</span> <span class='ocrx_word' id='word_1_182' title='bbox 2425 4383 2503 4498; x_wconf 79' lang='lat' dir='ltr'>ist</span> <span class='ocrx_word' id='word_1_183' title='bbox 2539 4378 2636 4437; x_wconf 81' lang='lat' dir='ltr'>fiir</span> <span class='ocrx_word' id='word_1_184' title='bbox 2671 4382 2795 4437; x_wconf 83' lang='lat' dir='ltr'>eine</span> 
     </span>
     <span class='ocr_line' id='line_1_32' title="bbox 197 4471 1685 4544; baseline -0.002 -14"><span class='ocrx_word' id='word_1_185' title='bbox 197 4471 411 4530; x_wconf 78' lang='lat' dir='ltr'>Kircbe</span> <span class='ocrx_word' id='word_1_186' title='bbox 448 4472 728 4544; x_wconf 77' lang='lat' dir='ltr'>gemacht,</span> <span class='ocrx_word' id='word_1_187' title='bbox 764 4471 936 4528; x_wconf 84' lang='lat' dir='ltr'>deren</span> <span class='ocrx_word' id='word_1_188' title='bbox 973 4471 1244 4528; x_wconf 81' lang='lat' dir='ltr'>Patronin</span> <span class='ocrx_word' id='word_1_189' title='bbox 1277 4471 1506 4529; x_wconf 75' lang='lat' dir='ltr'>Juliana</span> <span class='ocrx_word' id='word_1_190' title='bbox 1543 4487 1685 4527; x_wconf 78' lang='lat' dir='ltr'>war.</span> 
     </span>
    </p>
   </div>
   <div class='ocr_carea' id='block_1_14' title="bbox 193 4594 2800 4760">
    <p class='ocr_par' dir='ltr' id='par_1_14' title="bbox 193 4594 2800 4760">
     <span class='ocr_line' id='line_1_33' title="bbox 373 4594 2800 4666; baseline 0 -16"><span class='ocrx_word' id='word_1_191' title='bbox 373 4599 405 4650; x_wconf 91' lang='lat'>1</span> <span class='ocrx_word' id='word_1_192' title='bbox 444 4612 481 4653; x_wconf 90' lang='lat' dir='ltr'>o</span> <span class='ocrx_word' id='word_1_193' title='bbox 516 4595 631 4652; x_wconf 80' lang='lat' dir='ltr'>Jul.</span> <span class='ocrx_word' id='word_1_194' title='bbox 668 4595 791 4666; x_wconf 64' lang='lat' dir='ltr'>Hs„</span> <span class='ocrx_word' id='word_1_195' title='bbox 853 4610 982 4650; x_wconf 87' lang='lat' dir='ltr'>man</span> <span class='ocrx_word' id='word_1_196' title='bbox 1016 4594 1166 4652; x_wconf 83' lang='lat' dir='ltr'>kann</span> <span class='ocrx_word' id='word_1_197' title='bbox 1203 4598 1345 4652; x_wconf 83' lang='lat' dir='ltr'>auch</span> <span class='ocrx_word' id='word_1_198' title='bbox 1382 4614 1418 4653; x_wconf 90' lang='lat' dir='ltr'>o</span> <span class='ocrx_word' id='word_1_199' title='bbox 1468 4595 1666 4654; x_wconf 83' lang='lat' dir='ltr'>stehen</span> <span class='ocrx_word' id='word_1_200' title='bbox 1703 4594 1921 4664; x_wconf 63' lang='lat' dir='ltr'>lassenj</span> <span class='ocrx_word' id='word_1_201' title='bbox 1981 4608 2147 4650; x_wconf 78' lang='lat' dir='ltr'>wenn</span> <span class='ocrx_word' id='word_1_202' title='bbox 2181 4608 2310 4649; x_wconf 87' lang='lat' dir='ltr'>man</span> <span class='ocrx_word' id='word_1_203' title='bbox 2345 4594 2458 4651; x_wconf 83' lang='lat' dir='ltr'>wie</span> <span class='ocrx_word' id='word_1_204' title='bbox 2494 4594 2552 4649; x_wconf 93' lang='lat' dir='ltr'>in</span> <span class='ocrx_word' id='word_1_205' title='bbox 2586 4596 2622 4650; x_wconf 80' lang='lat'><strong>3</strong></span> <span class='ocrx_word' id='word_1_206' title='bbox 2657 4598 2800 4652; x_wconf 76' lang='lat' dir='ltr'>statt</span> 
     </span>
     <span class='ocr_line' id='line_1_34' title="bbox 193 4683 1022 4760; baseline 0.001 -21"><span class='ocrx_word' id='word_1_207' title='bbox 193 4683 298 4739; x_wconf 76' lang='lat' dir='ltr'>der</span> <span class='ocrx_word' id='word_1_208' title='bbox 332 4683 549 4745; x_wconf 78' lang='lat' dir='ltr'>Elision</span> <span class='ocrx_word' id='word_1_209' title='bbox 582 4683 833 4760; x_wconf 74' lang='lat' dir='ltr'>Jnljanae</span> <span class='ocrx_word' id='word_1_210' title='bbox 869 4683 1022 4740; x_wconf 64' lang='lat' dir='ltr'>licut.</span> 
     </span>
    </p>
   </div>
  </div>
 </body>
</html>
