3175 5234
488 391 542 430 Q

323 489 417 545 En.
453 503 524 542 n
563 488 622 542 S.
659 487 804 542 Paul
839 488 899 542 in
934 488 1190 544 Kirnoen
1225 483 1328 541 No.
1357 488 1451 541 ὅτ.
1485 487 1557 540 15
1592 485 1792 543 Jahrb.
1830 484 1935 542 mit
1968 485 2068 541 der
2102 485 2344 542 Melodie
2382 485 2511 556 (A).
2583 487 2753 544 Brev.

159 577 321 636 Basil.
358 591 470 631 see.
509 578 594 629 15.
631 572 673 629 f.
712 576 816 631 153
854 575 982 645 (Β).

322 714 520 771 Dieses
543 713 702 769 'Lied
759 716 863 769 hat
927 715 1052 769 eine
1106 713 1196 768 bis
1250 730 1351 768 zur
1405 714 1862 772 Undeutliehkeit
1914 715 2284 770 verwickelte
2339 716 2760 776 construction.
2838 707 2842 711 Α

160 805 192 857 3
226 802 432 858 Hieron
470 802 534 856 B.
633 804 668 854 '¹1
703 801 904 856 besser
938 817 1145 857 vanum
1181 801 1267 856 als
1301 817 1524 856 novum.
1626 804 1826 855 7-14
1876 801 1965 857 die
2002 801 2351 873 Partioipien
2386 803 2608 875 haugen
2644 822 2761 862 von

161 889 515 961 imploremus
562 889 630 941 V.
667 889 702 942 3
751 888 838 943 ab.
939 891 1010 943 14
1060 905 1170 943 vor
1207 889 1363 943 hebr.
1410 888 1486 943 ist
1520 888 1645 943 dem
1684 889 1857 944 Sinne
1907 890 2052 944 nach
2088 894 2371 960 petentem
2417 906 2488 943 zu
2523 890 2764 946 wieder-

160 978 337 1032 holeu.
423 977 491 1030 16
545 975 740 1046 lingua
793 975 870 1030 ist
921 974 1011 1028 die
1075 975 1610 1047 Umgangsspraohe
1631 1016 1647 1044 ‚
1709 976 2079 1047 grammatica
2134 976 2223 1029 die
2287 975 2762 1048 Schriftsprache.

162 1067 362 1121 19-23
398 1064 520 1135 vgl.
557 1064 663 1118 No.
703 1065 826 1131 969,
862 1064 1089 1118 40—42.
1185 1065 1258 1118 20
1292 1064 1622 1134 abyssulum
1656 1065 1733 1119 ist
1768 1061 2106 1131 sehlerhaft‚
2169 1063 2276 1118 mir
2315 1064 2533 1119 scheint
2569 1067 2638 1119 19
2674 1081 2765 1120 aa·

162 1153 509 1206 crosanotum
562 1149 673 1203 und
724 1150 797 1203 20
847 1148 1186 1219 abyssorum
1233 1148 1446 1204 besser.
1531 1152 1599 1203 21
1640 1154 2021 1206 recurrentem
2056 1152 2118 1205 A.
2193 1151 2279 1203 21.
2316 1152 2387 1204 23
2425 1150 2763 1220 praeclarum

160 1239 267 1293 und
301 1237 529 1307 planum
566 1237 768 1291 stehen
806 1235 1242 1290 adverbialisch.
1312 1237 1384 1290 26
1421 1235 1534 1290 soli
1569 1234 1648 1290 fil.
1691 1237 1754 1291 B.
1823 1238 1895 1291 29
1932 1253 2093 1307 quem
2128 1234 2275 1292 fehlt
2310 1238 2373 1306 B,
2412 1234 2578 1292 dafu'r
2612 1238 2765 1295 steht

161 1340 484 1395 eximioque.

737 1643 912 1719 971.
980 1646 1098 1716 De
1153 1670 1208 1715 s.
1263 1643 1727 1740 Hieronymo.
1793 1644 2177 1740 sequentia.

161 1882 382 1948 Gaude
428 1881 589 1946 Sion
634 1881 719 1946 de
765 1881 1006 1947 decore
1106 1853 1122 1869 ο
1489 1878 1689 1944 ·Vere
1736 1878 1914 1944 sidus
1935 1926 1955 1960 ,
2000 1879 2174 1962 quod
2218 1881 2430 1947 illuxit
2679 1883 2763 1945 25

158 1987 249 2052 tui
290 1987 537 2050 fruetus
583 1992 649 2049 et
693 1986 969 2066 honore,
1087 1987 1094 1994 ’
1509 1982 1689 2048 noeti
1733 1981 1872 2046 dies
1918 1990 1984 2045 et
2027 1982 2280 2048 influxit

245 2107 371 2172 quo
416 2088 748 2171 subfulges
792 2088 1016 2152 hodie:
1598 2088 1955 2169 gratiarum
2001 2088 2218 2170 eopia,

157 2211 308 2277 spes
353 2192 437 2256 de
481 2210 734 2257 sursum
778 2192 965 2256 nobis
1012 2190 1229 2275 datur,
1511 2188 1663 2255 dum
1709 2187 1816 2254 hio
1858 2188 2132 2254 mundus
2175 2189 2534 2255 illustratur

159 2294 306 2360 dum
348 2292 789 2378 Jheronymus
834 2294 1089 2359 looatur
1363 2293 1402 2355 5
1510 2299 1577 2355 et
1621 2291 1961 2355 multorum
2006 2291 2384 2356 sublevatur

235 2396 377 2481 jam
423 2395 491 2459 in
536 2392 695 2458 sede
738 2393 988 2478 gloriae.
1595 2413 1960 2479 pauperum
2001 2394 2240 2480 inopia.
2681 2395 2767 2461 30

157 2585 363 2652 Dulce
409 2586 597 2650 nimis
642 2585 747 2667 qui
795 2584 1121 2666 doctrina,
1511 2582 1564 2648 Ο
1611 2605 1802 2668 quam
1847 2585 2059 2668 fulget
2104 2593 2214 2650 tua
2256 2586 2430 2669 vita,

155 2691 303 2757 luoe
346 2687 596 2771 depulit
641 2685 862 2751 divina
1511 2707 1637 2772 per
1680 2707 1870 2771 quam
1914 2705 2035 2753 nos
2079 2689 2405 2754 instauras
2449 2691 2543 2756 ita

241 2792 512 2859 nebulas
557 2791 905 2855 moestitiae:
1600 2810 1835 2856 versus
1880 2793 2028 2857 ooeli
2072 2795 2379 2876 patriam,

154 2916 301 2962 nam
349 2904 613 2961 terrena
657 2894 837 2959 ooelis
865 2892 1109 2976 junxit,
1327 2892 1407 2955 10
1511 2900 1582 2959 tu
1625 2914 1979 2979 perversas
2024 2915 2171 2962 eum
2219 2897 2547 2964 doctrinas

156 3003 243 3067 ob
288 2998 462 3082 quod
508 3018 652 3062 eum
696 2996 857 3062 deus
902 2995 1087 3062 unxit
1513 3017 1778 3081 cassas,
1825 2999 2000 3064 tollis
2046 3008 2114 3063 et
2159 3002 2379 3066 ruinas
2683 3004 2770 3067 35

243 3102 391 3166 oleo
435 3101 699 3165 laetitiae.
1600 3101 1849 3169 donans
1895 3103 2027 3167 reis
2070 3105 2344 3170 veniam.

151 3288 293 3356 Sed
332 3308 475 3374 prae
518 3288 731 3353 multis
776 3287 1164 3370 honoratur,
1511 3291 1681 3357 Hine
1724 3297 2018 3356 naturam
2064 3300 2130 3357 tu
2175 3293 2502 3375 praecellis
2513 3341 2531 3376 ‚

149 3412 353 3480 super
397 3399 576 3456 astra
620 3389 768 3454 dum
813 3389 1066 3454 locatur
1511 3396 1683 3461 mala
1727 3403 1952 3461 cuncta
1990 3396 2221 3480 procul
2260 3393 2446 3479 pellis

238 3503 506 3562 sanctus
552 3494 783 3559 doctor
828 3493 1055 3576 altine,
1327 3495 1406 3555 15
1599 3499 1960 3583 reprimens
2008 3499 2361 3584 daemonia,

150 3620 374 3668 aroem
418 3599 534 3664 nbi
573 3597 876 3663 trinitatis
1512 3611 1747 3689 potens
1790 3603 2018 3669 mirum
2063 3604 2128 3667 in
2172 3606 2441 3688 virtute,
2681 3606 2769 3672 40

149 3704 304 3770 luce
349 3721 614 3768 summae
655 3701 974 3766 claritatis
1510 3728 1661 3772 nam
1708 3715 1771 3772 te
1819 3707 1980 3773 deus
2027 3708 2204 3774 locat
2249 3716 2384 3774 tute

118 3811 122 3815 ’
239 3806 717 3890 contemplatur
760 3803 1017 3872 elarius.
1535 3859 1540 3862 .
1599 3813 1774 3876 bona
1817 3828 2018 3896 super
2063 3812 2295 3878 omnia.

149 3999 416 4068 Gaudet
459 4000 699 4066 chorus
743 3999 1121 4082 angelorum
1146 4045 1164 4080 ,
1515 3997 1644 4084 Eja
1687 4009 1877 4085 pater
1922 4003 2362 4085 orphanorum

148 4101 336 4187 quod
380 4101 463 4167 de
508 4102 681 4167 valle
724 4102 1104 4165 miserorum
1324 4099 1409 4162 20
1476 4099 1481 4103 ’
1517 4103 1894 4167 consolator
1938 4104 2352 4184 miserorum,

244 4205 442 4271 stella
484 4205 645 4270 lucis
692 4206 926 4284 oritur,
1605 4205 1755 4269 ooeli
1799 4213 2025 4290 portas
2068 4226 2296 4271 resera
2677 4204 2763 4269 45

147 4309 345 4393 eujus
391 4315 536 4372 ortu
580 4307 965 4373 fecundatur
1095 4337 1102 4342 ·
1517 4306 1650 4388 his,
1697 4309 1803 4390 qui
1855 4308 2072 4373 colunt
2117 4315 2227 4373 tua
2269 4308 2466 4390 festa,

143 4419 372 4490 terra,
419 4408 569 4474 dum
612 4408 994 4491 irradiatur,
1517 4417 1591 4475 ut
1633 4430 1756 4493 per
1802 4410 1995 4493 hujus
2040 4411 2259 4476 mundi
2303 4416 2536 4477 moesta

239 4515 383 4580 vita
425 4521 615 4578 vetus
659 4514 944 4577 moritur.
1606 4520 1943 4578 transeant
1985 4512 2069 4578 ad
2114 4513 2380 4579 aethera.

331 4699 428 4755 Rs.
464 4715 533 4754 zu
567 4700 626 4758 S.
663 4697 894 4769 Gallen,
926 4698 1034 4756 No.
1078 4700 1198 4755 546.
1233 4694 1275 4754 f.
1310 4698 1427 4754 183.
1462 4698 1564 4756 mit
1612 4698 1711 4754 der
1745 4696 2007 4770 melodie,
2044 4700 2112 4753 15
2148 4698 2344 4756 Jahrb.

2210 4787 2357 4856 22*
