3175 5234
1225 689 1401 766 899.
1459 693 1583 765 De
1632 720 1688 765 s.
1740 688 2134 766 Elizabeth.

383 905 439 971 0
481 905 827 971 Elizabeth
871 905 1129 989 regina,
1738 903 2129 973 Suscitatrix
2174 910 2599 987 mortuorum,

380 1018 518 1075 tota
562 1016 776 1074 mente
821 1011 1214 1093 columbina,
1740 1006 2139 1073 consolatrix
2182 1006 2596 1088 miserorum,

384 1112 658 1177 caritate
704 1111 891 1194 reple
936 1109 1088 1176 bina
1741 1128 1921 1177 caeco
1967 1117 2122 1173 nato
2164 1108 2503 1202 oculorum
2918 1111 3006 1176 13

468 1213 700 1280 mentis
744 1222 987 1279 nostrae
1031 1215 1215 1279 atria.
1365 1210 1372 1216 ’
1825 1213 2040 1277 lumen
2085 1209 2204 1276 das
2248 1211 2550 1295 propitia.

381 1405 841 1489 Paupertatem
877 1402 1168 1484 elegisti,
1333 1447 1340 1454 -
1592 1404 1635 1466 ὅ
1740 1400 1797 1466 0
1839 1403 2061 1484 beata,
2104 1419 2150 1466 o
2191 1402 2504 1486 benigna,

385 1528 658 1591 regnum
701 1506 922 1571 mundi
967 1506 1443 1589 contempsisti,
1739 1514 1947 1571 mater
1991 1506 2164 1570 omni
2205 1505 2401 1570 laude
2448 1505 2695 1588 digna>

383 1629 507 1695 pro
553 1627 682 1692 quo
726 1629 998 1692 regnum
1041 1608 1204 1674 Jesu
1248 1607 1488 1674 Christi
1740 1627 1936 1674 serva
1980 1615 2127 1673 tuos
2170 1613 2241 1672 et
2282 1609 2596 1691 consigna

469 1711 772 1798 possides
817 1730 961 1778 cum
1004 1712 1234 1796 gloria.
1827 1718 2199 1776 sanctorum
2239 1709 2484 1775 laetitia.
2914 1713 3006 1777 20

386 1901 747 1970 Sanctitate
790 1919 920 1967 non
964 1900 1231 1986 pusilla,
1738 1899 1879 1966 Nos
1922 1907 2262 1965 consortes
2307 1907 2441 1966 tuae
2480 1900 2679 1966 sortis

385 2006 678 2091 quamvis
722 2023 1080 2090 pauperum
1125 2003 1394 2083 ancilla,
1554 2004 1636 2067 10
1740 2003 1850 2069 fac
1892 2025 1934 2067 a
1978 2003 2185 2087 poenis
2230 2011 2299 2067 et
2341 2023 2384 2070 a
2424 2003 2638 2087 portis

382 2131 542 2177 vere
586 2118 793 2174 mater
840 2117 907 2173 tu
952 2126 1047 2190 es,
1092 2107 1208 2171 illa
1740 2114 2147 2172 transeamus
2189 2105 2355 2172 hora
2396 2106 2623 2172 mortis

471 2233 620 2298 quae
657 2221 848 2297 potes
894 2231 978 2275 ex
1022 2211 1256 2293 gratia.
1831 2208 1916 2273 ad
1966 2216 2212 2274 aeterna
2257 2208 2517 2292 gaudia.

563 2397 660 2451 u..
701 2413 772 2450 ιιι
806 2394 979 2451 orat:
1013 2396 1192 2465 tisis.
1230 2396 1299 2448 13
1331 2393 1527 2450 sautu

564 2518 594 2570 1
635 2511 796 2587 Elyz.
832 2514 924 2570 Hs.
965 2509 1199 2585 haufige
1234 2511 1578 2570 Schreibart.

388 2756 458 2812 ὰ
524 2671 637 2814 m1:1¹
638 2669 828 2811 oziiner
862 2669 958 2724 Hs.
993 2685 1064 2724 zu
1098 2667 1481 2741 Kreuzlingen
1530 2670 1631 2725 des
1685 2673 1751 2728 14
1783 2671 1980 2728 Jahrb.
2031 2673 2183 2727 steht
2224 2669 2494 2744 folgende
2529 2671 2855 2744 Antiphone
2900 2671 3010 2732 mit

461 2773 491 2811 ι·
733 2771 793 2809 e:

597 2860 889 2917 Elisabeth
927 2860 1142 2917 Christi
1177 2859 1405 2930 famula,
1844 2862 2034 2918 mundi
2069 2863 2294 2936 relegat
2329 2862 2506 2932 vitia3

597 2946 926 3003 humilitatis
966 2948 1194 3016 aemula,
1849 2964 2015 3019 quam
2049 2947 2207 3004 fusus
2244 2948 2430 3020 pascit
2463 2947 2715 3017 viduam,

602 3035 952 3107 paupertatis
989 3035 1272 3091 nutricula
1850 3036 2083 3105 squalor
2119 3035 2372 3091 oblectat
2407 3034 2826 3108 pauperculam.

970 3320 1143 3395 900.
1199 3315 1521 3426 oraison
1568 3317 1658 3391 de
1710 3320 1974 3391 saincte
2027 3318 2421 3392 Elizabeth.

384 3523 536 3593 Ave
582 3544 838 3609 gemma
882 3524 1217 3607 speciosa,
1744 3522 1977 3589 Sarum
2022 3542 2303 3606 sequens
2344 3521 2479 3588 fide
2521 3524 2634 3606 pia

391 3630 726 3695 mulierum
772 3629 983 3710 sidus,
1027 3646 1211 3709 rosa,
1745 3636 1813 3692 et
1854 3625 2223 3694 Rebeccam
2266 3626 2647 3709 prudentia,
2930 3632 3022 3696 10

387 3743 458 3798 et
499 3733 710 3814 regali
755 3733 960 3814 stirpe
1007 3740 1195 3810 nata,
1747 3748 1789 3796 o
1834 3731 2098 3813 dilecta,
2144 3748 2187 3796 o
2231 3732 2458 3813 beata,

388 3854 559 3900 nunc
602 3834 666 3898 in
716 3833 896 3898 eoelis
941 3841 1270 3899 coronata.
1746 3841 1971 3897 nostra
2017 3839 2158 3897 esto
2205 3832 2557 3913 advocata,

387 4020 635 4088 Mundo
678 4021 834 4085 licet
877 4020 1020 4088 viro
1068 4020 1252 4103 data,
1602 4025 1641 4084 5
1746 4021 1836 4089 Ut
1880 4032 2262 4106 quantorum
2306 4033 2729 4109 peccatorum

389 4126 650 4191 Christo
698 4136 912 4189 tamen
959 4124 1353 4209 desponsata
1748 4126 1844 4190 sic
1887 4126 2143 4190 veniam
2187 4144 2690 4209 consequamur,

387 4232 721 4313 utriusque
768 4230 1103 4315 sponsalia
1750 4230 1923 4313 quod
1966 4237 2291 4294 tantorum
2333 4236 2486 4312 post
2531 4229 2831 4292 laborum
2934 4231 3021 4296 15

391 4335 578 4400 simul
623 4354 851 4401 servas
894 4336 1177 4415 illibata,
1698 4399 1703 4404 ,
1747 4331 1941 4397 finem
1986 4341 2198 4398 tecum
2241 4333 2637 4414 gradiamur.

570 4501 666 4555 Hs.
708 4502 863 4557 eines
899 4499 1145 4558 frames.
1174 4502 1442 4557 Breviers
1480 4501 1557 4556 im
1581 4498 1977 4568 Ptivatbesits,
2018 4501 2086 4553 15
2110 4498 2330 4569 Jahrb„
2365 4500 2459 4555 die
2493 4498 2699 4556 keinen
2726 4497 3021 4571 rieutigon

393 4586 537 4641 Text
571 4585 765 4643 liefert
820 4590 951 4659 (Α).
1024 4590 1104 4645 ln
1158 4589 1439 4646 Hortalus
1493 4589 1728 4657 animae,
1782 4583 1824 4641 f.
1865 4588 1981 4642 139.
2034 4584 2124 4641 als
2157 4586 2489 4658 Antiphonti
2538 4587 2669 4659 (Β).
2739 4586 2905 4642 Anch
2938 4585 3019 4641 i-

394 4671 814 4729 Antidotarium
849 4675 1068 4745 animae,
1106 4673 1145 4731 f.
1190 4679 1293 4731 155
1329 4675 1442 4747 (G)
1478 4675 1593 4731 und
1625 4674 1721 4730 bei
1754 4674 1898 4729 Paar
1930 4672 2079 4730 nuel.
2110 4671 2299 4730 devot-
2336 4689 2392 4746 p.
2426 4675 2555 4730 ²12.
