3175 5234
462 468 647 535 Diem
690 468 922 533 festum
966 464 1331 533 revolutum
1374 463 1528 529 ausi
1572 472 1892 530 nonunt
1927 464 2175 545 orbita,

462 590 591 654 quo
633 574 890 637 beatam
936 567 1363 633 Thebaeorum
1408 567 1733 649 legionem
1780 568 2046 633 colimus
2059 616 2076 649 ,

466 676 663 759 aegris
692 673 883 738 salus
929 690 1058 755 quo
1084 676 1486 756 praestatur,
1533 671 1727 736 caecis
1770 672 1952 735 visus
1995 671 2296 737 funditur.

461 866 649 931 Nunc
694 868 1093 947 quapropter
1138 858 1581 942 supplicantes
1625 858 1718 921 illi
1763 877 2000 942 preces
2043 858 2393 943 fundimus,

467 978 537 1034 ut
581 967 880 1051 dignetur
923 964 1110 1030 nohis
1153 961 1424 1027 Jhesum
1466 961 1689 1026 facere
1724 962 2100 1046 propitium,
2419 977 2437 997 ·
2669 963 2752 1027 20

468 1090 655 1153 quem
704 1068 969 1150 amavit,
1016 1085 1204 1148 quem
1251 1064 1587 1147 cognovit,
1635 1084 1778 1129 cum
1825 1082 1952 1147 quo
1997 1073 2229 1147 regnat
2272 1067 2607 1150 perpetim.

468 1258 692 1323 Gloria
738 1266 805 1323 et
850 1257 1060 1322 honor
1103 1262 1227 1320 etc.

334 1443 427 1498 Hs.
466 1460 534 1499 zu
572 1442 886 1499 Karlsruhe
925 1458 977 1496 o.
1016 1440 1121 1495 No.
1156 1455 1272 1493 von
1310 1438 1446 1493 1493
1484 1438 1614 1508 (Α),
1650 1439 1735 1495 Bl.
1773 1440 1859 1493 37.
1896 1442 2060 1493 unter
2096 1438 2249 1494 alten
2285 1438 2556 1510 Hymnen,
2590 1452 2760 1495 ποια

159 1531 302 1586 auch
354 1530 539 1585 dieses
574 1529 707 1585 Lied
752 1531 972 1601 gehiirt.
1044 1526 1267 1582 Andere
1302 1525 1398 1580 Hs.
1437 1542 1506 1580 zu
1543 1525 1854 1580 Karlsruhe
1890 1523 1963 1581 im
1999 1526 2237 1593 Archiv,
2295 1528 2362 1579 15
2408 1525 2604 1581 Jahrb.
2657 1526 2761 1581 mit

154 1616 538 1773 ἓοὲοῌᾶἰῧᾱίο
575 1618 703 1687 (Β).
776 1617 870 1670 Hs.
906 1632 977 1669 zu
1011 1615 1301 1685 stuttgart
1349 1612 1515 1668 Brev.
1553 1615 1673 1666 101.
1722 1610 1762 1668 f.
1800 1615 1884 1666 79.
1940 1615 2008 1667 15
2042 1613 2241 1669 Jahrb.
2279 1614 2402 1684 (G).
2475 1613 2578 1733 Boi
2601 1613 2764 1671 Baba

335 1828 363 1879 1
420 1824 674 1880 muudum
709 1823 772 1878 B.
879 1823 915 1875 4
963 1817 1112 1875 forte
1152 1820 1213 1875 B.
1321 1821 1357 1873 6
1402 1818 1665 1874 incitaret
1700 1819 1808 1875 BC.
1914 1822 1949 1872 7
2003 1835 2114 1890 quo
2168 1820 2348 1889 ΑΟΙ),
2412 1827 2649 1878 vocetur
2683 1823 2749 1879 D.

156 1914 192 1968 8
232 1911 398 1968 ductu
431 1912 602 1980 BCD,
654 1909 896 1965 mirabili
932 1909 1042 1964 BD.
1149 1908 1183 1961 9
1221 1905 1287 1961 de
1324 1922 1537 1962 corona
1573 1907 1948 1978 promerenda
1982 1907 2043 1962 B.
2152 1909 2222 1961 1o
2256 1909 2418 1979 quasi
2464 1904 2502 1961 f.
2538 1909 2639 1966 ch.
2692 1910 2755 1964 B.

158 2001 225 2053 11
263 1997 457 2055 besser
492 1998 656 2070 agni;
708 1996 930 2069 gladio,
966 1995 1054 2050 als
1090 1996 1317 2050 scholion
1352 1993 1409 2047 in
1443 1995 1509 2049 A.
1584 1996 1653 2047 12
1690 1993 2034 2063 imperatore
2071 1994 2359 2063 terrestri,
2395 1998 2579 2066 schol„
2617 1997 2754 2067 eher

155 2087 259 2142 der
293 2084 524 2154 Teusel,
580 2083 943 2155 triumphanti
982 2114 1043 2124 —
1083 2081 1286 2135 mundo
1322 2081 1385 2136 B.
1496 2082 1563 2134 15
1601 2080 1855 2135 dicentur
1890 2081 1950 2135 C.
2061 2083 2127 2134 17
2163 2096 2272 2152 qua
2308 2084 2419 2138 AD.
2530 2083 2598 2138 18
2631 2081 2757 2138 red-

30 2220 31 2223 *
154 2176 305 2231 ditur
340 2175 449 2242 CD,
486 2188 597 2244 quo
631 2173 750 2227 scil.
789 2169 956 2239 festo,
992 2171 1149 2225 schol.
1226 2170 1292 2222 19
1328 2182 1491 2238 quam
1519 2183 1685 2239 prop.
1712 2169 1781 2221 A.
1852 2171 1924 2223 20
1960 2168 2241 2226 Christum
2270 2168 2379 2225 GD.
2449 2174 2517 2226 21
2549 2174 2761 2233 amavit

152 2279 282 2319 cum
319 2278 429 2334 quo
468 2265 672 2333 regnat
707 2275 851 2314 nunc
888 2264 945 2314 et
981 2260 1037 2313 in
1072 2262 1401 2329 perpetuum
1438 2256 1548 2313 01).

333 2402 434 2457 Die
470 2398 836 2456 thebaischen
872 2398 1157 2468 Martyrer
1206 2395 1389 2451 hilden
1435 2395 1596 2450 einen
1633 2396 1759 2468 Zug
1803 2395 1902 2450 der
1937 2395 2200 2468 Legende
2248 2412 2363 2453 von
2422 2398 2527 2453 den
2573 2399 2757 2471 Alpes

151 2491 246 2546 his
281 2504 353 2544 an
389 2487 494 2542 den
522 2484 890 2542 Niederrhein
926 2484 1072 2540 nach
1106 2483 1328 2538 Xanten
1344 2521 1358 2549 ‚
1424 2482 1513 2536 ihr
1548 2482 1908 2538 Seiteustiick
1955 2482 2033 2538 ist
2067 2483 2156 2537 die
2191 2484 2452 2557 Legende
2496 2501 2611 2543 von
2648 2487 2756 2542 den

152 2573 497 2632 eilftausend
543 2570 897 2645 Jungfrauen
919 2613 933 2640 ,
994 2570 1082 2625 die
1131 2568 1252 2624 sich
1302 2568 1408 2624 den
1452 2568 1633 2623 Rhein
1680 2565 1894 2624 herauf
1930 2569 2019 2625 bis
2064 2570 2236 2626 Basel
2282 2573 2593 2630 verbreitet
2637 2575 2756 2631 hat.

152 2665 261 2723 Um
306 2663 467 2718 beide
502 2656 1039 2731 Ueberlieferungen
1088 2657 1145 2712 in
1193 2654 1349 2711 ihrer
1395 2655 1867 2728 urspri'mglichen
1901 2656 2123 2713 Gestalt
2168 2658 2280 2714 und
2315 2661 2579 2732 spateren
2615 2662 2760 2717 Ver-

154 2749 453 2820 anderung
489 2747 708 2803 konnen
745 2760 815 2802 su
850 2747 1063 2813 lernen,
1100 2745 1224 2800 sind
1261 2743 1377 2799 alte
1414 2743 1539 2798 Hss.
1576 2743 1875 2799 derselhen
1910 2761 1979 2798 zu
2013 2744 2305 2815 beachten,
2340 2748 2598 2806 weshalh
2634 2752 2761 2807 hier

152 2839 419 2909 Ans-fige
454 2850 558 2890 aus
592 2835 738 2890 swei
773 2834 1146 2889 uubenutzten
1180 2831 1304 2886 llss.
1342 2830 1483 2885 {her
1519 2830 1611 2887 die
1645 2829 1909 2902 Legende
1943 2830 2044 2886 der
2079 2832 2444 2891 thebaischen
2468 2836 2760 2909 Martyrer

154 2922 375 2995 folgeu.

242 3058 247 3063 -
414 3098 458 3164 1.
520 3095 664 3163 Aus
711 3096 830 3161 der
871 3090 1104 3160 Basler
1146 3095 1259 3161 Hs.
1304 3092 1389 3159 A.
1434 3092 1544 3161 vl.
1588 3094 1691 3160 36.
1739 3092 1856 3158 des
1902 3097 1986 3159 14
2030 3094 2521 3163 Jahrhunderts.

338 3252 476 3307 Oum
509 3249 567 3304 in
602 3247 803 3304 Galliis
851 3245 1205 3317 perniciosus
1247 3246 1514 3302 tumultus
1560 3250 1765 3301 costra
1798 3245 2106 3301 Romanum
2140 3246 2431 3316 imperium
2469 3250 2762 3321 crevisset,

156 3337 527 3398 “aximianus
572 3337 630 3390 in
665 3334 831 3391 ltalia
878 3333 1122 3389 collecto
1170 3333 1422 3389 exercitu
1471 3332 1778 3389 accersivit
1803 3336 1820 3370 ¹
1869 3333 1978 3389 sibi
2025 3332 2083 3388 in
2131 3333 2436 3389 auxilium⁸
2482 3336 2761 3392 Theboeos

155 3424 372 3483 milites
408 3423 762 3491 mauricium,
796 3421 1113 3489 Victorem,
1149 3419 1486 3489 Gereouem‚
1522 3421 1795 3489 Cassium,
1828 3420 2174 3476 Florentium
2211 3420 2467 3492 aliosque
2502 3422 2761 3480 devotos.

157 3514 411 3583 Cumque
445 3511 621 3581 Alpes
658 3507 974 3577 transisset,
1011 3507 1278 3563 antedicti
1312 3507 1518 3578 praeire
1548 3513 1858 3578 coeperunt,
1893 3507 2258 3564 Maximianus
2294 3524 2436 3566 vero
2472 3511 2532 3566 in
2565 3511 2762 3569 radice

155 3597 387 3671 Alpium
421 3598 570 3668 apud
607 3596 828 3664 villam,
895 3611 1020 3667 quae
1057 3595 1400 3652 octodorum
1447 3599 1714 3663 vocatur,
1779 3595 1896 3651 Zeb
1931 3595 2088 3651 idolo
2111 3598 2133 3633 ³
2168 3602 2423 3652 cunctum
2457 3599 2763 3659 exercitum

155 3685 455 3742 immolare
490 3683 788 3756 praecepit3
851 3682 1021 3755 juxta
1046 3697 1172 3752 quae
1202 3680 1228 3718 ⁴
1263 3680 1321 3736 in
1357 3682 1595 3754 Augano
1619 3680 1641 3718 ⁵
1676 3699 1720 3736 s.
1759 3682 2082 3737 Mauricium
2119 3698 2241 3737 cum
2276 3683 2505 3756 legione
2541 3701 2645 3740 sua
2680 3684 2762 3740 in-

154 3777 391 3850 ventum
445 3787 566 3826 cum
617 3769 801 3825 nollet
845 3767 1133 3824 immolare
1183 3767 1404 3824 occidit.
1486 3767 1616 3823 lnde
1653 3769 1897 3841 vestigia
1932 3770 2365 3851 praecedentium
2400 3773 2579 3831 secuti
2613 3773 2762 3845 apud

151 3858 446 3917 Veronam
467 3858 490 3894 ⁸
525 3855 806 3911 civitatem
836 3855 1091 3911 Cassium
1126 3860 1183 3910 et
1208 3854 1556 3911 Florentium
1594 3872 1715 3911 cum
1745 3856 1874 3912 aliis
1905 3864 2118 3929 septem
2147 3858 2399 3931 ejusdem
2425 3861 2761 3917 constantim

150 3948 305 4004 viris
342 3946 508 4002 simili
543 3942 820 4000 sententia
855 3942 1270 3998 damnaverunt.
1343 3942 1483 3999 Post
1517 3944 1656 4013 haec,
1695 3945 1842 4015 quod
1870 3945 2088 4002 Gereon
2118 3962 2240 4001 cum
2264 3949 2382 4005 suis
2407 3965 2512 4020 per
2538 3948 2763 4003 alveum

151 4036 305 4092 Reni
354 4036 524 4109 jussu
557 4029 876 4089 Maximiani
929 4029 1294 4085 descenderat
1347 4037 1546 4087 contra
1582 4033 1859 4104 quendam
1897 4036 2226 4092 carausium
2259 4036 2318 4090 in
2353 4032 2597 4091 confinio
2631 4033 2763 4090 Gal-

151 4121 348 4178 lorum
384 4125 442 4175 et
477 4120 788 4186 Saxonum,
851 4115 1084 4172 insidias
1121 4121 1321 4172 contra
1354 4118 1662 4174 Romanum
1697 4119 2033 4190 (imperium
2056 4123 2122 4191 ¹¹)
2157 4121 2507 4190 molientem,
2570 4136 2764 4193 perse-

154 4216 332 4267 cutor
379 4208 588 4265 Christi
634 4224 815 4263 novus
870 4203 1184 4275 insequitur
1229 4204 1399 4259 illum.
1471 4205 1692 4264 Gereon
1743 4223 1885 4263 vero
1936 4224 2058 4264 cum
2105 4208 2278 4265 sociis
2326 4208 2443 4263 suis
2493 4207 2764 4265 trecentis

153 4297 357 4353 decem
393 4300 452 4350 et
487 4301 619 4350 octo
654 4294 711 4349 in
747 4292 958 4364 campis
992 4289 1324 4363 Agrippinae
1358 4307 1578 4364 magnae
1617 4293 1865 4350 civitatis
1902 4296 2168 4352 consedit.
2238 4297 2300 4351 In
2336 4296 2535 4368 quibus
2571 4311 2765 4367 super·

152 4384 458 4438 venientes
479 4380 519 4451 ⁸,
556 4380 650 4452 qui
676 4380 830 4435 missi
858 4384 1020 4436 erant
1057 4393 1092 4433 a
1118 4378 1332 4451 judice,
1367 4378 1579 4434 nullam
1615 4377 1950 4437 defendendi
1982 4384 2330 4440 voluntatem
2365 4385 2467 4440 sed
2502 4389 2766 4449 constan-

153 4470 440 4526 tissimam
486 4468 696 4525 Christi
746 4467 981 4522 nominis
1035 4462 1447 4521 confessionem
1502 4468 1847 4524 invenerunt.
1919 4470 1997 4525 ibi
2044 4471 2245 4527 beatus
2292 4470 2514 4529 Gereon
2562 4470 2671 4527 dux
2705 4475 2765 4529 et

151 4564 389 4631 martyr
427 4556 696 4630 egregius
734 4570 854 4611 cum
892 4554 1007 4609 illis
1043 4558 1101 4608 et
1136 4553 1292 4625 regis
1329 4554 1650 4610 vernaculis
1686 4556 1943 4613 edomitis
1980 4557 2260 4628 omnibus,
2323 4576 2448 4630 quae
2484 4559 2556 4614 ad
2590 4560 2763 4633 hnjus

153 4644 302 4700 vitae
359 4643 787 4700 delectationem
839 4645 1072 4713 possent
1123 4638 1353 4695 allicere
1372 4681 1387 4710 ,
1450 4647 1795 4713 spontaneus
1842 4649 2019 4700 semet
2064 4644 2245 4717 ipsum
2280 4646 2488 4703 obtulit
2520 4647 2764 4705 hostiam
