3175 5234
2610 344 2744 414 461

712 710 935 786 1089.
1012 713 1128 787 De
1175 740 1230 787 s·
1280 714 1579 791 Nicolao
1651 721 2135 819 (troparium).

125 925 194 988 1.
260 921 437 988 Laus
482 933 551 989 et
593 926 806 1008 gloria

254 1024 380 1090 deo
423 1028 509 1092 sit
548 1030 614 1093 in
657 1033 927 1115 saecula,

40 1346 41 1349 ,
112 1287 179 1351 2.
245 1284 366 1363 Qui
410 1289 596 1355 uobis
638 1289 974 1358 Nicolaum

252 1390 516 1455 tradidit
560 1404 852 1461 sanctum
896 1372 1241 1483 praesulem
1262 1451 1281 1484 ‚

247 1527 567 1595 Virtutum
622 1532 811 1599 donis
854 1538 1115 1620 plenum

249 1651 329 1697 ac
372 1651 511 1700 suae
554 1636 762 1701 laudis
808 1640 1125 1724 cupidum.

40 1774 53 1835 ’ἒ
105 1820 175 1884 3.
242 1817 574 1886 Mundana
615 1833 823 1889 mater

40 2582 47 2623 b

247 1942 438 2004 quem
480 1927 768 2009 profudit
812 1928 1077 2011 Patera,

245 2057 417 2126 Urbs
470 2064 792 2144 quondam
839 2067 1018 2132 clara

241 2161 307 2225 in
353 2169 419 2226 te
462 2163 746 2249 pollone,
793 2165 1066 2233 Graecia.

98 2354 168 2415 4.
235 2350 394 2418 Mox
438 2353 651 2418 infans
695 2354 969 2421 mundus

241 2457 444 2520 semel
489 2477 795 2523 mammas
841 2463 1045 2545 suxit,

198 2608 203 2613 .
241 2558 341 2622 bis
385 2560 451 2623 in
498 2563 773 2627 sabbato

237 2694 311 2760 In
357 2706 587 2780 quarto
628 2709 821 2785 atque

240 2805 426 2887 sento
470 2798 577 2864 die
622 2821 868 2869 vacans

238 2901 660 2970 abstinentiae.

105 3095 176 3156 5.
236 3093 356 3159 Hic
389 3095 654 3178 juvenis

238 3193 480 3261 florens
525 3198 744 3265 limina

236 3298 673 3382 frequentavit
718 3306 1015 3373 ecclesiae
1030 3358 1049 3391 ‚

242 3432 511 3520 Spiritui
610 3444 618 3452 '

236 3556 473 3622 corpus
518 3543 735 3620 nobile

235 3642 637 3725 subjiciendo
685 3648 930 3713 sedule.

91 3841 160 3902 6.
224 3836 533 3905 Electura
578 3844 855 3908 omnium

231 3942 609 4008 conscendit
652 3945 1078 4033 pontificium,

229 4073 334 4139 Ex
379 4076 597 4144 divino
642 4099 906 4147 munere

228 4178 543 4262 praeditus
587 4182 725 4248 adit
768 4184 1014 4267 glorioe.

91 4368 160 4430 7.
224 4364 347 4433 Hic
390 4377 645 4453 patrem
691 4373 772 4438 de
817 4374 1091 4443 filiarum

228 4478 458 4556 stupro
503 4480 884 4543 tractantem

227 4582 440 4640 mente
489 4577 699 4662 patria

227 4677 566 4748 miseratus
611 4690 743 4766 est,

1610 940 1956 1010 condoluit
2010 949 2148 1012 auri
2194 951 2419 1033 pondo

1609 1043 1836 1108 formae
1879 1048 2200 1131 virginum
2220 1099 2239 1133 ‚

1609 1146 1783 1228 quod
1828 1149 1992 1214 clam
2038 1152 2249 1218 intulit

1605 1248 1814 1312 noctis
1859 1257 2169 1336 tempore.

1470 1436 1531 1499 8.
1596 1434 1719 1502 Hic
1763 1445 1900 1502 tres
1933 1439 2220 1523 juvenes
2635 1448 2720 1513 35

1327 1543 1368 1605 5
1601 1538 1914 1620 inserta,
1959 1543 2151 1607 morti
2195 1542 2590 1627 destinatos,

1605 1647 1875 1709 eruebat
1919 1643 2197 1730 liber-oa,

1603 1778 1844 1846 Durum
1887 1783 2236 1871 praeaidem

1602 1901 1682 1948 ac
1728 1883 2057 1951 delatores
2100 1888 2465 1971 increpavit

1599 1990 1720 2052 snb
1764 1992 2113 2056 verborum
2157 1993 2443 2058 stimulis.
2629 1997 2717 2062 40

1283 2172 1362 2235 ¹⁰
1471 2195 1531 2258 9.
1595 2192 1915 2279 Tempore
1960 2198 2148 2263 famis

1606 2300 1857 2383 copiam
1901 2301 2158 2404 frugum

1597 2402 1775 2465 auxit
1818 2404 2163 2485 precibu83

1594 2536 1820 2604 Ovium
1863 2540 2064 2605 vitam

1592 2646 1790 2710 tutari
1834 2654 2058 2711 cautus
2622 2650 2709 2717 45

1273 2811 1353 2874 15
1587 2756 1817 2831 pastor
1858 2749 2120 2816 studuit.

1465 2962 1564 3026 10.
1609 2960 1732 3028 Hic
1775 2964 1952 3029 idola
1996 2965 2311 3032 destruxit

1600 3087 1774 3130 vana
1790 3115 1806 3148 ‚
1853 3069 2115 3150 erigens

1602 3168 1843 3236 Christi
1887 3173 2126 3257 templa
2168 3173 2418 3258 lucida,

1601 3305 2027 3374 Simulacrum
2070 3309 2299 3377 Diauae
2619 3315 2708 3385 50

1266 3449 1350 3512 20
1598 3411 1796 3494 fregit
1841 3430 1920 3476 ac
1964 3412 2230 3478 fraudes

1597 3515 1996 3581 machinatas
2041 3518 2224 3582 eruit.

1454 3704 1559 3766 11.
1599 3701 1796 3767 Paeue
1834 3704 2239 3788 periclitatos

1596 3811 1824 3869 nautas
1871 3806 2224 3889 tranquillo
2265 3808 2430 3872 mari

1598 3906 1775 3972 facto
1820 3908 2356 3991 confirmaverat3
2610 3912 2694 3975 55

1591 4037 1838 4121 Regem
1883 4058 2106 4106 somno
2142 4007 2473 4124 jaoenteun

1595 4151 1865 4228 propter
1907 4143 2289 4211 mactandos
2335 4144 2524 4213 strati

1595 4242 1805 4307 latens
1850 4243 2275 4310 deterruerat.

1260 4091 1344 4154 25

1452 4452 1555 4517 12.
1594 4450 1837 4518 Tumba
1881 4453 2052 4518 illius

1587 4556 1800 4620 oleum
1843 4566 2126 4640 emanat,
2610 4562 2725 4659 60·

1257 4694 1342 4760 30
1596 4694 1737 4775 Quo
1783 4696 1837 4761 si
1881 4696 2113 4763 debilis

2139 4804 2227 4868 29
2243 4801 2283 4859 ἢ
