3175 5234
2655 314 2787 385 821

160 503 379 571 Vitam
421 520 566 570 cum
610 508 819 566 matre
862 499 1124 584 pietatis
1415 524 1422 530 ·
1526 499 1728 580 Quem
1770 520 1896 586 pro
1937 502 2126 569 nobis
2171 501 2534 588 deprecare
2553 551 2573 588 ,

160 606 403 674 duxisti
446 613 515 670 et
553 603 981 689 perennitatis
1526 610 1602 668 ut
1643 603 1711 668 in
1752 603 1917 670 hora
1960 605 2185 670 mortis
2229 605 2408 672 clare

246 707 555 774 heredem
599 709 709 792 pie
751 705 1007 772 donasti
1025 752 1046 784 ,
1612 705 1740 770 tuis
1782 705 2089 788 precibus
2133 705 2518 791 adjuvemur
2539 758 2557 792 ,
2697 712 2780 774 15

159 899 236 965 In
279 897 631 965 subsidium
672 896 1077 981 paupertatis
1331 894 1411 958 10
1514 892 1732 959 Finita
1775 895 1913 960 vita
1956 896 2292 981 hospitare

159 1003 406 1067 intrans
451 1001 800 1067 claustrum
844 999 1184 1080 claritatis,
1515 1016 1662 1063 cum
1702 996 1909 1063 Jhesu
1956 997 2217 1064 Christo
2264 1008 2331 1065 et
2376 1019 2639 1067 coenare

245 1104 312 1168 in
357 1119 485 1185 quo
531 1100 792 1167 Christo
836 1100 1203 1182 famulasti3
1503 1133 1509 1139 ·
1600 1106 1669 1164 et
1704 1117 1846 1164 cum
1892 1099 2118 1165 electis
2162 1102 2577 1183 gratulemur.

335 1285 600 1356 Pap-Hs.
632 1301 746 1340 von
779 1284 1099 1340 Reichenau
1138 1303 1208 1340 zu
1245 1285 1559 1341 Karlsruhe
1604 1285 1712 1342 No.
1751 1285 1838 1340 36.
1877 1284 1961 1340 m.
1998 1285 2120 1340 2⁰7.
2168 1301 2270 1341 aus
2305 1284 2430 1342 dem
2466 1289 2533 1341 15
2568 1287 2755 1344 Jahrb

162 1373 310 1430 ohne
347 1370 690 1443 Abtheilung
726 1370 825 1426 der
861 1370 1039 1427 Verso
1076 1371 1187 1426 und
1225 1370 1533 1443 Strophen.

1127 1655 1302 1730 949.
1385 1655 1503 1728 De
1555 1653 1817 1728 eadem.

162 1856 315 1924 Ave
361 1856 731 1939 Gertrndis,
776 1858 970 1940 virgo
1014 1864 1240 1940 grata,
1518 1856 1573 1922 Ο
1617 1858 1809 1940 virgo
1853 1857 2350 1938 misericordiae,

165 1981 251 2024 ex
292 1960 503 2042 regali
546 1960 750 2043 stirpe
795 1967 976 2039 nata,
1516 1958 1794 2023 feliciter
1838 1975 1956 2024 ora
2687 1963 2773 2029 10

162 2062 463 2146 leprosos
507 2059 825 2125 mundare
863 2077 994 2124 non
1037 2060 1342 2144 sprevisti
1516 2059 1788 2125 Jhesnm
1830 2058 2064 2124 Mariae
2107 2058 2340 2143 filium,

164 2163 250 2226 ob
295 2179 578 2226 amorem
622 2161 830 2226 Jhesu
878 2159 1151 2244 Christi,
1516 2168 1586 2224 ut
1631 2160 1817 2224 nobis
1866 2159 1977 2224 det
2021 2161 2324 2225 auxilium

165 2265 358 2332 caecis
402 2266 571 2329 viam
616 2264 1105 2347 demonstrasti,
1371 2267 1410 2328 5
1517 2263 1868 2345 benignum
1912 2271 1981 2326 et
2024 2264 2369 2348 hospitium

162 2383 488 2452 pauperes
533 2374 600 2430 et
642 2365 851 2431 nudos
899 2366 1269 2449 collocasti,
1517 2383 1690 2430 nunc
1734 2374 1801 2429 et
1845 2366 1911 2429 in
1954 2375 2340 2450 perpetuum

251 2470 480 2551 quibus
525 2477 593 2534 tn
637 2468 921 2552 hospitia
1602 2469 1667 2532 in
1719 2485 1838 2534 suo
1881 2469 2129 2558 palatio
2688 2475 2772 2536 15

252 2571 488 2636 dedisti
530 2572 926 2636 suavissima.
1605 2592 1749 2637 cum
1786 2580 2032 2637 aeterno
2078 2573 2337 2658 gaudio.

336 2756 600 2812 Daselbst
633 2757 763 2828 (R),
802 2759 947 2813 auch
982 2759 1054 2812 im
1091 2756 1364 2812 Hortalus
1400 2756 1600 2812 animae
1637 2757 1723 2812 Bl.
1762 2760 1863 2812 135
1899 2758 2028 2828 (H).

345 2880 383 2933 4
421 2879 535 2936 Jes.
574 2876 720 2934 fehlt
753 2879 816 2934 R
919 2881 954 2933 6
1005 2885 1064 2936 et
1101 2877 1244 2935 fehlt
1277 2880 1342 2934 R
1450 2882 1486 2933 ἰ
1540 2885 1603 2935 tu
1639 2877 1783 2944 fehlt
1816 2880 1879 2935 R
1985 2883 2020 2935 9
2055 2882 2176 2939 min.
2211 2881 2358 2940 fehlt
2390 2882 2457 2938 ιι
2567 2883 2638 2938 1⁰
2669 2873 2774 2939 dod

160 2967 385 3024 Reimea
421 2983 624 3039 wegen
658 2965 832 3022 sollte
871 2972 1015 3022 nach
1051 2985 1156 3024 ora
1192 2972 1345 3023 etwa
1378 2965 1470 3040 pie
1507 2966 1719 3024 stehen.
1795 2970 1861 3021 14
1888 2964 2033 3022 fehlt
2069 2968 2132 3023 R.

803 3252 976 3325 950.
1044 3248 1395 3324 Gereonis
1453 3263 1523 3324 et
1576 3253 1927 3325 sociorum
1976 3252 2146 3350 ejus.

160 3464 501 3548 Majestati
542 3473 979 3530 sacrosanctae
1521 3465 1719 3531 Cives
1763 3465 1992 3532 domos
2037 3465 2395 3532 Pharaonis

160 3569 444 3634 militans
489 3586 629 3632 cum
676 3568 1106 3652 triumphante
1522 3572 1847 3637 civitatem
1895 3572 2164 3635 visionis

244 3671 484 3755 jubilet
526 3672 804 3736 ecclesia
1607 3674 1872 3739 visitant
1912 3683 1981 3738 et
2021 3676 2404 3759 praesulem,
2691 3675 2776 3739 15

162 3774 253 3839 de
297 3774 620 3858 triumpho
666 3773 1091 3841 Thebaeorum
1524 3799 1564 3842 a
1604 3795 1733 3859 quo
1777 3779 1950 3843 sacri
1993 3779 2367 3845 catechismi

163 3885 239 3943 et
281 3878 489 3942 salute
533 3885 946 3962 peccatorum
1374 3882 1414 3943 5
1525 3881 1945 3948 sacramentis
1989 3889 2056 3968 et
2100 3881 2402 3965 baptismi

251 3999 375 4063 per
419 3979 647 4047 horum
692 3982 1023 4065 suffragia.
1610 3984 1977 4049 imbuuntur
2022 3986 2253 4066 gratia.

163 4170 254 4237 Hi
295 4178 444 4237 suut
486 4171 610 4236 viri
654 4172 1058 4254 testamenti,
1524 4172 1751 4237 Rome
1794 4170 1926 4235 fide
1971 4169 2362 4251 confirmati,

165 4275 280 4357 qui
321 4275 570 4341 ruinam
616 4273 977 4340 detrimenti
1528 4283 1745 4344 castra
1788 4281 2051 4338 movent
2092 4271 2376 4337 comitati
2693 4271 2781 4337 20

253 4384 568 4461 reparant
614 4378 924 4459 angelici,
1299 4437 1302 4442 .
1612 4376 2047 4458 Romanorum
2090 4372 2370 4455 aquilas:

165 4479 296 4543 viri
341 4480 546 4544 fortes
593 4482 733 4543 veri
778 4478 1016 4561 David,
1337 4482 1418 4546 10
1529 4478 1629 4544 dis
1672 4479 1966 4565 profanis
2012 4476 2345 4542 immolare

172 4583 404 4663 quibus
450 4582 674 4647 hostes
719 4583 1118 4667 expugnavit
1354 4631 1368 4642 .
1516 4584 1712 4669 jubet
1754 4599 1963 4646 caesar
2008 4588 2076 4646 et
2117 4598 2364 4646 vocare

259 4705 551 4770 carnem,
598 4688 931 4771 mnndum,
976 4688 1351 4755 daemonem.
1616 4687 2047 4755 Thebaeorum
2094 4686 2368 4772 agmina.

262 4817 434 4874 Motae,
465 4819 641 4865 lateln.
673 4822 922 4876 uymneu.
963 4821 1050 4868 m.
2283 4788 2369 4851 2¹
