3175 5234
116 474 305 540 Nulla
346 482 636 540 vestrum
678 477 769 542 ihi
815 476 1018 561 desit,
1274 480 1356 541 55
1462 475 1792 559 Quidquid
1834 496 2112 560 unquam
2156 479 2285 545 feci
2323 481 2510 563 mali,

117 579 301 661 virgo
345 586 550 642 mater
593 582 803 663 prima
842 582 1102 666 praesit,
1460 586 1687 644 vestro
1731 579 1894 644 flore
1933 581 2274 664 virginali,

116 683 169 746 si
209 702 336 765 qua
374 684 528 746 mihi
571 683 704 748 faex
748 685 1038 768 inhaesit,
1460 701 1500 749 o
1544 682 1821 766 puellae,
1866 684 2132 767 palliato

115 804 258 865 quae
303 805 403 851 me
448 785 566 850 sua
611 786 761 853 labe
804 788 973 852 laesit
993 836 1010 869 ‚
1466 793 1532 849 et
1574 805 1678 851 me
1724 785 1850 851 deo
1893 796 2324 870 praesentate,
2585 792 2709 855 165

112 884 330 951 vestra
374 905 574 971 prece
619 889 848 971 procul
892 887 1042 970 fiat,
1467 896 1688 952 coram
1733 905 1814 953 eo
1860 908 2107 954 mecum
2150 897 2316 955 state
2338 939 2355 973 ,

112 1007 230 1054 vos
276 998 640 1073 praesentes
685 991 892 1056 hostis
938 992 1102 1056 sciat
1276 992 1358 1055 60
1466 1010 1728 1057 causam
1773 1011 1979 1056 meam
2025 994 2392 1076 terminate,

196 1102 262 1158 et
305 1112 377 1158 se
427 1094 760 1160 confusum
800 1094 1038 1160 doleat.
1551 1114 1636 1159 ne
1682 1094 1884 1160 draco
1930 1095 2144 1161 locum
2191 1096 2445 1163 habeat.

281 1277 696 1351 Strassburger
731 1279 829 1335 Hs.
863 1280 925 1335 Ε.
945 1281 1064 1333 135.
1104 1279 1192 1334 ΒΙ.
1210 1281 1279 1334 62
1317 1278 1438 1353 (S).
1509 1280 1606 1336 Hs.
1644 1297 1715 1336 zu
1750 1281 1922 1338 Basel
1955 1285 2023 1339 A.
2061 1283 2152 1338 Vl.
2181 1285 2269 1339 36.
2307 1284 2406 1338 des
2432 1286 2496 1341 15
2517 1285 2717 1343 Jahrh.

110 1365 247 1434 (Β),
307 1366 424 1420 und
457 1368 515 1420 in
552 1366 652 1421 der
688 1367 782 1422 Hs.
820 1385 888 1421 zu
926 1367 1158 1422 Briissel
1201 1367 1307 1422 No.
1345 1368 1486 1421 8763
1522 1384 1627 1423 aus
1666 1369 1967 1425 derselben
2004 1369 2146 1425 Zeit.
2218 1371 2321 1426 Die
2357 1370 2608 1443 Strophe
2642 1376 2714 1429 22

107 1452 258 1508 steht
291 1454 382 1509 als
420 1455 512 1508 ein
547 1454 776 1526 sigenes
812 1453 990 1510 Gebet
1038 1455 1096 1508 in
1132 1455 1256 1511 dem
1289 1454 1707 1511 Antidotarium
1745 1456 1944 1511 animae
1992 1458 2102 1512 Nic.
2137 1459 2356 1514 Salices.
2410 1460 2716 1531 Argentor.

108 1540 259 1594 1491.
297 1540 384 1595 Bl.
423 1543 528 1595 144
563 1542 706 1612 (C),
764 1540 876 1597 und
909 1543 984 1595 im
1021 1542 1292 1598 Hor-tulus
1329 1542 1565 1612 animae,
1603 1542 1771 1613 Lyon
1812 1545 1965 1598 1516.
2004 1545 2091 1599 Β1.
2121 1546 2225 1600 138
2262 1546 2391 1614 (Η).
2462 1548 2624 1601 Auch
2657 1549 2717 1605 in

107 1625 206 1681 der
239 1627 337 1682 Hs.
374 1642 447 1682 zu
481 1628 680 1697 mainz,
717 1630 864 1700 Aug.
898 1629 1004 1685 No.
1038 1631 1161 1685 439.
1198 1628 1284 1684 Bl.
1324 1630 1443 1684 199.
1479 1629 1578 1684 des
1620 1632 1686 1683 15
1706 1630 1903 1686 Jahrh.
1940 1630 2076 1700 (Μ).
2146 1631 2252 1687 Bei
2269 1632 2468 1687 Sclaade
2493 1633 2716 1689 nieder-

106 1713 278 1769 rhein.
317 1715 454 1771 Ged.
491 1715 551 1771 S.
588 1716 708 1769 176.
753 1717 900 1771 nach
933 1716 1111 1771 eiuem
1146 1716 1336 1771 Druck
1369 1731 1484 1771 von
1523 1717 1663 1771 1509
1700 1718 1835 1786 (Ν).

238 1835 244 1842 ’
279 1840 315 1891 2
353 1851 528 1907 super
559 1836 820 1891 mundum
854 1837 919 1891 B.
989 1839 1023 1890 3
1059 1836 1309 1891 virentes
1344 1835 1408 1891 N.
1477 1836 1776 1891 Zwischen
1812 1838 1845 1889 5
1884 1836 1995 1892 und
2031 1837 2067 1890 6
2101 1838 2348 1893 schaltet
2382 1838 2425 1893 S
2462 1839 2579 1894 ein:
2635 1840 2710 1896 ad

106 1923 440 1980 clamantem
473 1941 580 1979 vos
616 1925 821 1979 venite.
896 1927 932 1979 6
967 1925 1246 1994 advenite,
1279 1940 1367 1980 me
1404 1924 1596 1980 audite
1630 1924 1751 1980 BN.
1815 1927 1882 1978 11
1920 1922 2023 1980 fiat
2057 1926 2170 1980 BN.
2236 1928 2303 1979 12
2340 1926 2467 1981 dum
2486 1926 2712 1984 honoro

103 2010 196 2065 vel
236 2002 373 2066 dum‘
406 2027 512 2068 oro
545 2011 612 2067 N.
684 2013 752 2065 13
788 2016 1040 2068 vestrum
1074 2013 1165 2068 sit.
1212 2012 1276 2067 N.
1348 2014 1420 2067 20
1457 2016 1770 2084 conregate
1808 2011 1880 2081 S,
1929 2016 2277 2084 conregnate
2315 2012 2427 2066 BN.
2498 2015 2568 2067 22
2605 2030 2714 2070 vos

104 2094 142 2152 f.
170 2099 299 2171 jam
336 2098 399 2154 Β.
504 2100 577 2151 24
623 2094 769 2153 fehlt
812 2097 870 2152 in
907 2100 988 2167 B,
1051 2098 1217 2154 istiu
1253 2099 1302 2152 N
1338 2100 1440 2168 25,
1492 2098 1604 2153 und
1636 2100 1707 2152 25
1745 2098 1824 2160 ist
1855 2100 1943 2152 24.
2050 2099 2120 2151 26
2153 2099 2397 2154 cernetis
2434 2095 2473 2153 f.
2514 2104 2621 2157 ten.
2657 2100 2715 2157 S.

101 2185 171 2240 28
207 2185 408 2239 videns
442 2184 509 2238 N.
597 2186 667 2238 36
703 2185 1007 2256 philomelo
1044 2186 1111 2240 N.
1200 2187 1270 2240 42
1307 2184 1490 2241 decite
1524 2186 1591 2240 N.
1682 2187 1752 2239 43
1787 2184 1946 2240 mitte
1980 2185 2049 2239 N.
2122 2187 2192 2239 45
2220 2184 2603 2256 jocundantes
2641 2187 2711 2242 N.

102 2272 172 2326 46
209 2270 569 2327 collocentur
602 2270 766 2326 BMS.
848 2274 919 2327 49
957 2272 1237 2328 auscultet
1270 2273 1332 2327 B.
1421 2273 1492 2326 56
1526 2269 1909 2343 pulcherrima
1943 2271 2162 2327 BMSN.
2235 2274 2307 2324 57
2342 2271 2605 2344 gloriosa
2643 2273 2713 2329 N.

100 2360 169 2414 59
204 2356 249 2414 S
285 2358 449 2414 liest:
490 2373 594 2413 nec
630 2365 720 2414 est
755 2359 856 2414 tibi
890 2359 1019 2415 robi
1053 2359 1282 2431 (rubi‘l)
1319 2358 1450 2415 talis
1487 2359 1631 2415 sola
1664 2376 1709 2414 r.
1745 2375 1799 2430 p.
1873 2360 1941 2412 61
1998 2359 2102 2413 tibi
2153 2359 2269 2415 SM.
2344 2361 2415 2415 63
2453 2362 2617 2417 deum
2652 2361 2711 2419 S.

100 2447 170 2502 64
213 2464 278 2503 es
315 2448 377 2503 S.
447 2447 518 2500 67
554 2446 746 2503 lucent
780 2448 847 2502 N.
919 2449 989 2501 76
1025 2447 1191 2503 vobis
1227 2444 1263 2502 f.
1301 2463 1431 2504 nov.
1470 2448 1537 2517 N,
1573 2447 1700 2518 ipsa
1739 2444 1779 2502 f.
1816 2463 1945 2502 nov.
1983 2446 2043 2504 S.
2115 2450 2185 2503 79
2221 2448 2560 2506 musicorum
2595 2451 2712 2507 BN.

99 2534 170 2589 80
195 2549 463 2606 suprema
490 2533 557 2602 N,
575 2535 699 2590 haec
725 2541 814 2591 est
840 2550 1053 2591 summa
1074 2535 1167 2607 ph.
1199 2535 1260 2591 Β.
1315 2536 1385 2590 82
1411 2551 1573 2606 quem
1595 2536 1659 2590 B.
1717 2535 1789 2590 84
1817 2534 2091 2606 conpleat.
2111 2535 2227 2604 BN,
2266 2535 2528 2594 dilectam
2545 2540 2712 2597 BMS.

100 2619 165 2672 91
221 2637 266 2675 s.
322 2617 677 2692 perfruimini
726 2623 844 2679 BN.
953 2626 1022 2678 92
1078 2623 1263 2694 conpl.
1320 2621 1437 2678 BN.
1544 2625 1616 2677 93
1651 2623 1710 2678 in
1747 2622 1913 2678 vobis
1948 2621 2062 2677 BN.
2171 2625 2241 2678 95
2278 2623 2611 2683 delecti-icas
2649 2629 2714 2685 B.

98 2706 167 2761 96
214 2707 404 2763 dieser
440 2709 590 2764 Vers
626 2707 799 2780 fehlt,
845 2711 948 2765 der
995 2708 1266 2783 folgende
1312 2709 1465 2766 steht
1510 2726 1721 2779 voran,
1785 2709 1934 2765 daun
1986 2709 2221 2766 kommt:
2282 2726 2443 2782 quem
2480 2716 2713 2772 amastis

98 2795 271 2851 corde
320 2813 470 2852 vero
524 2798 638 2854 BN.
750 2800 850 2852 101
903 2815 1065 2870 quem
1113 2800 1173 2854 B.
1283 2801 1388 2855 109
1428 2799 1498 2854 de
1532 2799 1650 2855 BN.
1763 2800 1868 2853 110
1903 2798 2173 2855 adunavit
2208 2800 2309 2855 BN
2329 2842 2343 2870 ,
2406 2801 2551 2857 auch
2586 2809 2705 2875 gut.

99 2884 204 2937 114
238 2889 298 2939 et
333 2882 486 2939 fehlt
519 2884 579 2941 S.
678 2888 781 2940 124
830 2891 888 2941 et
923 2883 963 2941 f.
999 2892 1055 2942 te
1090 2887 1153 2943 B.
1244 2888 1348 2942 128
1395 2886 1668 2957 complex.
1723 2886 1791 2941 N.
1879 2886 2040 2942 Nach
2082 2890 2188 2943 130
2223 2888 2470 2944 schaltet
2505 2889 2548 2945 S
2587 2890 2708 2945 ein:

97 2986 259 3040 quem
295 2972 559 3028 videntes
596 2974 890 3030 intuamur.
967 2977 1069 3030 131
1107 2991 1212 3032 nos
1248 2974 1407 3032 BSN.
1483 2977 1585 3028 132
1622 2974 1775 3045 quod
1810 2974 1881 3029 de
1920 2979 1977 3029 te
2013 2991 2119 3031 nos
2156 2981 2263 3031 sat.
2292 2976 2363 3045 N,
2399 2993 2512 3046 quo
2549 2977 2618 3031 de
2655 2984 2715 3033 to

95 3073 210 3114 nou
247 3060 544 3130 satiamur,
581 3062 855 3133 corrigirt
890 3062 1043 3133 quod
1084 3093 1147 3103 —-
1185 3062 1578 3135 inpinguamur
1615 3062 1661 3116 B
1682 3103 1696 3131 ,
1736 3060 2116 3134 ungeschickt.
2188 3063 2293 3117 133
2331 3078 2547 3119 omnem
2585 3063 2709 3119 lau-

94 3145 220 3201 dem
256 3147 317 3204 S.
376 3150 484 3203 134
501 3149 606 3204 tibi
632 3149 852 3205 laudem
879 3166 1003 3205 cum
1028 3150 1141 3206 NS.
1196 3152 1300 3205 135
1337 3150 1433 3220 qui
1469 3151 1532 3217 B,
1560 3149 1719 3205 duxit
1754 3148 1870 3204 BN.
1923 3150 2026 3204 136
2046 3148 2237 3204 demus
2258 3149 2322 3204 N.
2381 3151 2485 3205 138
2508 3150 2714 3205 amasti

99 3266 161 3275 -
182 3234 397 3307 juvisti
415 3232 530 3292 ΝΒ.
585 3238 688 3292 139
723 3237 797 3293 ad
822 3254 925 3294 uos
952 3243 1009 3293 te
1040 3237 1107 3292 N.
1158 3239 1261 3291 145
1299 3242 1358 3293 et
1392 3233 1432 3291 f.
1471 3236 1548 3292 sit
1581 3236 1699 3306 BN,
1736 3251 1849 3291 car.
1881 3252 2049 3291 carm.
2080 3235 2138 3291 S.
2194 3237 2297 3289 146
2334 3252 2532 3308 parum
2567 3236 2709 3292 satis

92 3330 282 3382 tamen
319 3327 381 3383 S.
496 3325 600 3378 147
633 3324 743 3379 hoc
779 3321 857 3380 of.
893 3325 993 3380 MS
1012 3365 1027 3395 ,
1082 3322 1283 3379 feratis
1316 3323 1449 3394 BN,
1511 3323 1654 3378 nach
1691 3323 1818 3378 dem
1851 3321 2149 3378 Versmass
2186 3322 2398 3378 besser.
2506 3323 2614 3377 150
2649 3328 2709 3379 et

95 3411 220 3468 dum
259 3410 482 3480 Romi,
518 3411 704 3483 tangit
738 3411 802 3481 B,
839 3412 986 3484 tegit
1018 3411 1137 3482 ΜΟ,
1173 3411 1331 3466 venit
1363 3411 1430 3482 H,
1465 3410 1641 3467 instet
1675 3410 1741 3466 N.
1813 3412 1917 3465 153
1955 3426 2060 3465 nos
2098 3415 2400 3481 precantes
2423 3409 2541 3479 ΜΟ,
2579 3425 2710 3481 pre-

94 3506 315 3557 cantem
350 3501 419 3557 Η.
477 3500 579 3554 155
619 3505 814 3555 vestra
848 3499 911 3555 B.
963 3500 1068 3553 156
1103 3499 1182 3554 ibi
1217 3496 1258 3554 f.
1296 3498 1477 3570 prima
1512 3499 1579 3555 N.
1636 3499 1741 3555 158
1777 3499 1872 3570 qui
1906 3514 2030 3554 mea
2065 3498 2127 3554 B.
2185 3500 2289 3553 167
2324 3496 2615 3556 defensate
2644 3498 2706 3555 B.

98 3589 203 3644 168
241 3589 470 3659 daemon
506 3587 572 3642 N.

366 3868 587 3943 1196.
656 3870 744 3941 In
796 3872 1153 3944 nativitate
1198 3870 1318 3943 xl
1370 3869 1536 3942 mill.
1588 3871 1961 3970 virginum.
2019 3868 2110 3942 ad
2160 3841 2455 3946 tertiam.

95 4071 334 4140 Gaude
380 4072 668 4138 coelestis
712 4072 924 4153 curia,
1547 4079 1617 4137 et
1659 4073 1974 4138 castitatis
2018 4073 2185 4156 lilia,

95 4197 248 4261 quae
295 4176 626 4259 virginum
669 4184 769 4243 tot
811 4177 1010 4242 millia
1547 4177 1852 4260 pingunt,
1901 4184 2208 4241 serenant
2252 4176 2482 4241 omnia.

177 4283 489 4348 laureata
530 4280 877 4365 suscepisti
895 4329 913 4363 ,

178 4382 334 4467 regi
379 4400 609 4464 regum
654 4380 1061 4464 conjunxisti·
1460 4337 1721 4420 Gaude,
1763 4338 1996 4422 regina
2034 4338 2360 4422 virginum
2382 4386 2401 4422 ,

1460 4443 1578 4509 tibi
1623 4441 1876 4508 dulcem
1915 4441 2272 4507 exercitum
2626 4441 2708 4505 10

92 4547 308 4634 Hujus
354 4547 674 4629 ingressae
719 4543 1066 4610 thalamum
1311 4546 1350 4607 5
1548 4552 1697 4611 tuus
1741 4544 2112 4610 transmittit
2154 4543 2325 4610 filius
2341 4591 2360 4627 ,

89 4673 217 4737 per
264 4667 567 4723 cruorem
610 4668 1008 4736 purpureum
1546 4649 1651 4716 cui
1690 4649 1783 4714 nil
1815 4656 2020 4715 matre
2065 4648 2346 4716 suavius

179 4786 361 4835 Mons,
395 4782 568 4829 latoio.
600 4782 845 4839 Hymnen.
882 4779 972 4826 111.
2200 4752 2288 4816 35
