3175 5234
2706 286 2792 354 18

952 571 1125 645 625.
1192 571 1660 646 Dominiealis
1712 573 1989 646 letania.

579 774 772 840 Votis
818 776 1219 860 supplicibus
1264 793 1465 843 voees
1510 796 1710 861 super
1756 783 1931 842 astra
1979 777 2260 843 feramus
2276 826 2294 862 ,

732 878 938 941 trinus
982 885 1055 941 ut
1099 886 1169 942 et
1211 879 1485 963 simplex
1525 897 1648 943 nos
1695 889 1886 962 regat
1929 880 2356 963 omnipotens.

175 1070 421 1137 Saneto
459 1077 652 1154 pater
669 1117 687 1151 ,
734 1069 979 1154 adjuva
1022 1087 1176 1148 nos,
1535 1090 1659 1137 vos
1703 1081 1887 1137 orate
1932 1091 2054 1157 pro
2099 1072 2348 1138 cunctis

174 1182 402 1240 sancte
450 1172 574 1255 fili,
623 1172 810 1236 salva
851 1189 972 1235 nos
988 1220 1007 1254 ,
1536 1175 1901 1241 christianis
1946 1174 2222 1259 populis.

175 1297 448 1362 compar
489 1277 592 1342 his
639 1284 705 1341 et
750 1275 1014 1360 spiritus
1387 1279 1428 1341 5

175 1403 352 1466 mg„
394 1400 515 1447 ,ωε
560 1382 963 1446 intrinsecus,
1538 1359 1592 1424 Ο
1635 1361 1910 1445 praesul,
1958 1368 2182 1425 sancte
2226 1358 2663 1441 Emmerame,

1535 1474 1603 1530 et
1648 1485 1870 1531 omnes
1914 1474 2268 1549 martyres,
2313 1465 2551 1530 devote

176 1573 423 1640 Sancta
465 1575 658 1656 virgo
702 1572 1023 1655 virginum
1041 1619 1058 1652 ,
1535 1577 1748 1634 estote
1797 1571 1863 1634 in
1907 1569 2147 1635 auxilio
2699 1570 2782 1632 25

175 1677 369 1743 stella
403 1677 602 1741 maris
619 1723 636 1758 ,
682 1675 895 1740 Maria
915 1721 933 1755 ‚
1533 1673 1780 1757 populo
1819 1673 2158 1738 catholieo.

174 1789 244 1845 tn
284 1797 414 1863 pro
460 1778 649 1843 nobis
694 1777 892 1843 filium

175 1899 297 1947 ora
339 1879 669 1946 christum
711 1879 1051 1944 dominum.
1345 1875 1426 1938 ιο
1535 1862 1588 1927 0
1632 1859 2017 1943 Βειιοᾱῑοῐο,
2061 1870 2254 1946 pater
2293 1863 2438 1946 pio,

1533 1973 1760 2030 sancte
1804 1982 1845 2028 o
1893 1964 2111 2044 Galle,
2160 1965 2390 2031 doctor
2423 1967 2626 2046 bone,

176 2068 459 2136 Snmmae
504 2067 680 2132 sedis
723 2066 1041 2148 minister,
1532 2084 1654 2130 nos
1698 2085 1842 2130 eum
1888 2067 2031 2130 aliis
2076 2066 2556 2131 confessoribus

176 2174 321 2258 quis
367 2173 535 2237 sicut
578 2172 738 2236 dens
763 2219 781 2254 ,
825 2170 1111 2235 Michael
1129 2218 1146 2252 ,
1534 2167 1845 2252 adjuvate
1887 2169 2210 2252 precibus.
2696 2170 2783 2234 30

176 2295 321 2342 eum
366 2275 667 2359 supernis
711 2274 960 2338 civibus
1428 2268 1441 2277 '

177 2381 268 2445 sis
312 2379 500 2444 nobis
544 2378 882 2462 propitius.
1531 2358 1586 2423 0
1632 2368 1883 2444 martyr
1926 2359 2234 2426 Felicitas

1498 2458 1600 2526 ‘et
1643 2462 1981 2544 virginalis
2028 2463 2295 2528 castitas
2315 2511 2334 2546 ,

173 2566 405 2632 Praeoo
452 2559 694 2629 Christi
739 2563 1110 2644 Johannes,
1346 2564 1424 2625 15
1529 2564 1856 2645 postulate
1900 2582 2024 2648 pro
2070 2566 2313 2629 nostris

175 2668 334 2752 agni
380 2668 489 2732 dei
531 2674 861 2748 ostensor,
1529 2665 1758 2731 Jesum
1804 2664 2127 2732 Christum
2173 2669 2480 2751 peccatis.

173 2769 608 2853 redemptoris
652 2768 967 2852 baptista,

173 2882 249 2938 tn
294 2890 416 2937 nos
461 2871 587 2936 deo
630 2869 1025 2936 commenda.
1531 2853 1768 2918 0¹1¹ssssss
1812 2856 2018 2920 Sfflfflfi
2063 2855 2200 2937 dei,
2693 2860 2776 2922 35

1531 2975 1652 3021 nos
1698 2957 2007 3022 exaudire
2056 2957 2406 3041 dignemini

180 3059 425 3126 Sancte
468 3060 665 3126 Petre
711 3080 791 3127 ao
835 3060 1037 3126 Paule
1532 3067 1601 3124 et
1645 3059 1728 3124 ad
1774 3079 1966 3126 aures
2012 3061 2268 3127 divinas

175 3165 518 3247 cunctique
562 3165 843 3249 apostoli
860 3212 879 3245 ,
1343 3163 1427 3228 2⁰
1534 3164 1701 3227 ferte
1748 3176 2005 3229 nostras
2049 3166 2360 3231 miserias.

352 3333 447 3388 ns.
483 3348 552 3386 zu
587 3333 860 3388 Miinehen
897 3331 1032 3387 Clm.
1072 3331 1263 3386 14083.
1302 3328 1403 3387 sol.
1439 3334 1490 3385 4.
1525 3330 1628 3386 mit
1661 3331 1927 3400 Numen,
1964 3346 2066 3386 aus
2103 3332 2227 3387 dem
2261 3335 2326 3386 11
2354 3333 2548 3388 Jahrb.
2621 3335 2782 3390 Naeh

172 3419 241 3472 V.
277 3421 351 3473 23
387 3419 585 3474 wurde
621 3418 740 3472 dies
777 3418 913 3472 Lied
949 3417 1022 3472 im
1058 3417 1292 3473 Kloster
1328 3416 1387 3473 S.
1422 3416 1732 3472 Emeramm
1768 3434 1836 3472 zu
1862 3416 2237 3490 Regensburg
2273 3423 2551 3491 gemacht,
2585 3422 2784 3478 womit

174 3508 320 3562 auch
377 3507 466 3562 die
519 3505 822 3578 Anrufung
875 3505 974 3561 des
1023 3508 1075 3559 Ιι.
1131 3505 1464 3562 Benedictus
1512 3506 1626 3561 und
1678 3505 1874 3563 Gallus
1910 3506 1979 3560 V.
2017 3508 2102 3561 27.
2137 3507 2223 3561 28.
2276 3505 2504 3563 iiberein
2558 3508 2780 3579 stimmt,

173 3594 324 3649 denn
372 3593 474 3649 das
512 3593 744 3649 Kloster
781 3594 1020 3665 gehorte
1075 3609 1197 3647 zum
1234 3593 1799 3649 Benedictinerorden
1845 3593 1957 3649 und
2004 3593 2177 3665 hieng
2223 3594 2325 3649 mit
2357 3593 2418 3651 S.
2455 3594 2653 3653 Gallen
2690 3614 2783 3653 zu·

174 3696 440 3736 sammen.
509 3681 625 3735 Das
659 3680 795 3735 Lied
834 3681 909 3735 ist
942 3681 1067 3735 eine
1104 3677 1440 3736 versifieirte
1479 3681 1700 3737 Litanei
1736 3676 1843 3736 auf
1868 3679 1983 3736 alle
2018 3680 2294 3753 Heiligen.

361 3789 392 3839 1
433 3760 632 3842 besser
660 3788 822 3860 juva.
896 3791 963 3842 12
999 3789 1197 3842 besser
1232 3792 1310 3842 ut.
1379 3789 1450 3841 29
1485 3787 1615 3844 aliis
1651 3788 1803 3843 kann
1831 3788 2200 3861 wegbleiben.

350 3892 420 3946 V.
453 3894 533 3947 12.
585 3893 710 3963 quis
764 3890 909 3947 sicut
963 3890 1127 3960 deus,
1192 3892 1268 3946 ist
1325 3892 1414 3946 die
1473 3893 1901 3965 Uebersetzung
1962 3892 2060 3948 des
2107 3891 2350 3949 Namens
2398 3894 2652 3950 michael.
2722 3895 2783 3951 S.

169 3979 284 4038 No.
320 3979 444 4047 ωε,
480 3981 564 4033 aa
599 3982 687 4034 54.
723 3981 808 4035 97.
946 4010 949 4017 «

350 4065 419 4120 v.
454 4068 540 4121 31.
594 4066 875 4121 Felicitas.
949 4064 1009 4122 s.
1047 4065 1153 4121 No.
1193 4067 1317 4136 621,
1355 4069 1473 4122 173.

834 4322 839 4329 .
924 4351 1096 4424 626.
1179 4352 1295 4422 De
1348 4349 1673 4423 omnibus
1725 4351 2008 4421 sanetis.

167 4552 412 4618 Omnes
458 4554 726 4637 superni
771 4553 1065 4635 ordines,
1533 4557 1708 4620 mille
1752 4553 1991 4618 milleni
2039 4553 2304 4635 millies,

146 4657 406 4755 'quibus
451 4657 704 4722 dicatur
748 4657 893 4723 haee
938 4656 1107 4738 dies,
1531 4666 1789 4723 vestros
1839 4655 2055 4721 audite
2100 4658 2445 4742 supplices.
