3175 5234
2651 293 2785 358 ³⁴?

587 480 869 547 Justitiae
913 478 1143 564 parma
1187 480 1343 545 fidei
1386 499 1657 546 securus
1702 480 1783 545 ad
1831 499 2012 546 arma

582 584 922 649 mentibus
944 583 1244 647 infestum
1290 585 1626 667 superavit
1671 584 1949 648 criminis
1995 589 2240 647 aestnm.

582 754 724 819 Nec
765 753 987 820 mundi
1033 761 1280 838 terror,
1327 774 1451 821 nec
1495 771 1735 819 avarus
1777 754 2058 820 muneris
2104 771 2291 817 error

579 857 918 940 fregerunt
962 866 1240 922 mentem
1287 858 1529 924 Christi
1571 856 1876 924 mandata
1921 865 2316 939 sequentem.
2695 860 2774 924 10

341 1041 438 1098 Hs.
476 1057 546 1095 zu
582 1041 768 1096 Basel.
806 1042 875 1095 A.
912 1041 977 1096 V.
1013 1044 1100 1098 39.
1140 1058 1242 1097 aus
1278 1042 1401 1096 dem
1435 1043 1505 1095 14
1536 1040 1733 1097 Jahrb.

343 1144 592 1202 Karolus
630 1146 771 1201 oder
805 1145 1015 1202 Karlus
1051 1147 1129 1203 ist
1164 1147 1253 1202 die
1289 1147 1698 1220 regelmfiseige
1736 1143 2090 1217 Schreibung·
2124 1145 2197 1200 im
2232 1146 2580 1215 mittelalter,
2619 1146 2774 1202 nicht

101 1282 106 1286 .
174 1234 426 1291 Carolus.

653 1517 825 1593 981.
896 1517 1012 1588 De
1064 1515 1332 1589 eodem.
1405 1519 1855 1615 responsoria
1906 1529 1975 1588 et
2016 1540 2281 1587 versus.

169 1723 352 1807 Hesp.
395 1720 798 1787 Francorum
832 1741 1092 1804 gemma
1118 1722 1420 1804 Karolus,
1752 1739 1942 1804 quem
1988 1718 2146 1784 deus
2192 1720 2379 1801 regia

464 1846 630 1911 puer
673 1844 914 1909 gerens
961 1845 1077 1893 cor
1121 1828 1345 1911 senile,
1763 1822 2067 1905 dignatur
2111 1822 2340 1903 gloria.

394 1932 592 1996 sortis
641 1931 937 1996 humanae
983 1933 1221 1998 sciolus

464 2034 621 2099 nihil
666 2036 873 2118 gessit
915 2037 1187 2119 puerile,

394 2137 696 2202 mundum
715 2139 984 2222 sprevit,
1001 2157 1163 2224 opes
1178 2139 1369 2220 cavit,
1382 2141 1420 2203 5

394 2258 676 2321 sequens
689 2239 1032 2391 christu-12,
1045 2260 1234 2323 quem
1245 2260 1423 2306 ama-

897 2347 965 2390 vi

1536 1961 1704 2027 Ver-5.
1748 1960 2070 2025 Vitiorum
2114 1959 2557 2042 triumphator,
2693 1959 2722 2019 1
2735 1957 2775 2019 5

1748 2064 1814 2128 in
1861 2082 2073 2146 agone
2117 2065 2496 2147 imperator,

1760 2172 2178 2232 consecratur
2222 2186 2262 2229 a
2303 2162 2548 2228 Leone.

1753 2288 1943 2352 quem
1988 2274 2110 2332 etc.

189 2465 355 2530 Ver-5.
399 2463 651 2530 Divinae
679 2466 847 2549 legis
884 2466 1281 2549 amplectens
1312 2466 1424 2550 ju-

900 2569 1135 2633 stitiam

398 2671 609 2736 litavit
646 2690 719 2735 se
750 2670 875 2736 deo
904 2671 1267 2755 placentem
1304 2671 1425 2735 ho-

705 2781 710 2786 ’
897 2776 1103 2839 stiam.

396 2877 700 2942 mundum
746 2880 996 2961 sprevit
1042 2887 1164 2942 etc.

1532 2515 1719 2597 Hesp.
1763 2511 2114 2577 Saecularis
2155 2510 2465 2594 potentiae

1825 2636 2034 2683 caesar
2077 2615 2283 2678 fretus
2329 2611 2549 2696 gladio

1753 2720 1849 2784 sic
1892 2718 2058 2801 legis
2110 2725 2177 2780 et
2211 2716 2483 2799 justitiae
2692 2716 2775 2779 20

1826 2823 2108 2887 cucurrit
2153 2823 2215 2885 in
2263 2819 2507 2902 stadio,

1757 2935 1829 2992 ut
1873 2926 2098 2990 salutis
2145 2932 2209 2988 et
2246 2924 2476 3007 gloriae

175 3068 355 3152 Hesp.
402 3067 567 3132 Tota
611 3073 926 3151 poscente
961 3065 1243 3130 Francia
1824 3029 2142 3112 potiretur
2185 3026 2431 3090 bravio·

398 3180 465 3235 et
508 3169 948 3254 applaudente
995 3170 1176 3234 curia
1345 3168 1424 3229 10
1540 3166 1714 3232 Ver-3.
1759 3163 2142 3247 Agonizans
2186 3164 2461 3226 viriliter

487 3283 753 3359 sceptro
797 3276 987 3357 regni
1033 3273 1380 3337 decoratur
1768 3277 2000 3334 cuncta
2043 3268 2249 3350 gessit
2292 3265 2587 3330 fideliter.
2697 3268 2778 3329 25

485 3387 554 3443 et
604 3399 745 3462 prae
791 3380 1038 3444 cunctis
1083 3377 1426 3458 exaltatur,
1755 3378 1826 3434 ut
1870 3370 1986 3433 sal.
2026 3378 2148 3433 etc.

356 3558 638 3615 Daselbst.

354 3681 423 3734 1⁰
451 3681 620 3751 curia,
658 3680 778 3735 scil.
805 3681 1074 3737 Romana.
1148 3681 1215 3735 16
1244 3682 1613 3735 consecrator
1648 3675 1686 3731 f.
1726 3677 1856 3747 imp.
1894 3675 2006 3731 und
2038 3675 2173 3745 imp.
2200 3671 2238 3728 f.
2268 3675 2650 3742 consecratur,
2686 3670 2783 3727 Hs.

764 3962 938 4035 982.
1004 3960 1393 4062 Sequentia
1436 3961 1526 4034 de
1572 3987 1628 4034 s·
1676 3958 1949 4035 Rarolo
1998 3963 2162 4057 imp.

175 4163 353 4231 Urbs
397 4161 761 4247 Aquensis,
808 4168 961 4231 urbs
1006 4165 1279 4249 regalia,
1530 4167 1663 4232 Iste
1709 4172 1913 4231 coetus
1957 4162 2197 4246 psallat
2240 4162 2428 4224 laetus
2449 4205 2466 4240 ,

175 4269 367 4353 regni
411 4268 603 4333 sedes
647 4269 1052 4353 principalia,
1530 4269 1770 4353 psallat
1814 4269 2051 4333 chorus
2097 4266 2203 4330 hic
2247 4280 2519 4327 sonorus

263 4367 476 4458 prima
519 4392 749 4455 regum
795 4375 1002 4456 curia,
1617 4373 1833 4438 vocali
1872 4368 2248 4452 concordia,
2620 4445 2625 4450 ,

177 4479 329 4561 regi
368 4498 599 4562 regum
646 4497 864 4562 pange
909 4478 1164 4562 laudeS,
1532 4496 1614 4543 ac
1657 4476 1808 4541 dum
1852 4495 2076 4542 manus
2121 4479 2448 4560 operatur,
2699 4473 2777 4539 10

181 4599 331 4662 quae
376 4579 460 4646 de
504 4582 724 4664 magni
769 4580 948 4663 regis
992 4581 1241 4664 gaudes
1385 4582 1427 4645 5
1533 4584 1803 4663 bonum,
1850 4580 2024 4663 quod
2068 4598 2183 4646 cor
2227 4579 2605 4665 meditatur,

268 4681 493 4749 Karoli
537 4687 904 4771 praesentia.
1622 4683 1826 4778 dulcis
1862 4689 1965 4748 est
2008 4681 2383 4767 psalmodia.
