3175 5234
830 419 1234 498 evanyelistoe.
1776 441 2042 505 quorum
2088 428 2319 492 merita
2363 431 2555 495 beata

413 574 506 640 Te
553 576 889 665 custodem
934 578 1121 644 matri
1167 581 1362 663 dedit,
1577 586 1661 647 25
1770 547 1836 589 ω
1884 538 2241 611 conspectu
2288 531 2394 594 dm
2440 544 2646 615 gram

407 697 585 744 mors
633 690 902 748 cruenta
947 693 1012 747 te
1058 702 1188 749 non
1230 687 1442 768 laedit,
1768 688 1909 752 Vos
1955 691 2294 773 virginalis
2343 697 2555 777 gloria

405 791 637 866 pectus
681 784 889 850 Jhesu
935 794 1004 850 tn
1051 789 1315 869 suxisti,
1769 796 2205 878 martyrisque
2249 800 2561 882 victoria,
2946 808 3021 870 5⁰

405 887 570 950 mira
614 886 720 951 dei
764 891 1162 973 praevidisti,
1768 901 1902 958 tum
1947 897 2178 979 vigens
2224 901 2625 987 innocentia,

406 1007 637 1070 carne,
684 998 896 1053 mente
943 998 1013 1054 tn
1060 994 1288 1057 beatus
1308 1041 1325 1075 ,
1765 999 2072 1064 virtutum
2119 1004 2505 1070 excellentia

403 1091 471 1153 in
517 1091 749 1155 ooelum
796 1095 891 1159 sio
935 1096 1247 1160 elevatus
1573 1101 1658 1164 30
1768 1100 2002 1183 dignos
2045 1105 2238 1170 nimis
2277 1108 2658 1191 effecerunt,

1767 1222 2012 1269 summa
2055 1207 2249 1272 lande
2296 1214 2759 1294 probaverunt.

878 1286 1177 1366 baptistae.

1762 1367 1941 1434 Vasa
1981 1390 2106 1436 vos
2152 1375 2487 1441 electionis
2504 1427 2521 1460 ,
2940 1385 3014 1444 55

406 1438 507 1503 'ru
550 1460 715 1522 Puer
758 1443 905 1525 Plus
949 1465 1137 1527 quam
1183 1450 1535 1534 propheta,
1761 1469 1978 1535 sidera
2024 1475 2471 1559 perfeetionis,

400 1539 665 1605 firmans
714 1543 868 1608 fidei
913 1545 1206 1631 decreta>
1757 1576 1996 1638 vestris
2041 1588 2318 1661 purgate
2363 1584 2666 1664 precibus

330 1648 339 1671 ¹
402 1662 640 1724 agnum
687 1645 796 1709 dei
841 1655 1247 1751 Pl'aevessisslss
1757 1692 1878 1738 nos
1925 1696 1968 1740 a
2011 1681 2269 1759 peccati
2313 1682 2615 1765 faecibus,

401 1763 631 1811 V⁰⁰0m
676 1752 881 1831 Patris
918 1758 1294 1840 percepisti,
1756 1783 2227 1846 omnebonum
2273 1785 2643 1869 impetrate,

398 1856 691 1914 Sanctum
737 1854 1026 1936 Spiritum
1074 1859 1324 1942 Vidisti,
1561 1867 1645 1928 35
1756 1896 1875 1943 nos
1920 1901 1960 1944 a
2004 1883 2174 1948 malo
2220 1885 2516 1951 liberate.
2930 1897 3006 1959 60

395 1951 745 2019 trinitatem
791 1959 1141 2026 eredidisti.

1752 2041 2148 2110 Mementote
2193 2051 2571 2115 miserorum

812 2151 1222 2229 &amelium
1751 2145 1818 2208 in
1863 2146 1986 2211 hae
2029 2150 2204 2212 valle
2248 2163 2658 2233 peecatorum
2681 2207 2699 2240 ,

1750 2267 1833 2310 ne
1879 2268 2245 2333 mergamur
2292 2257 2354 2318 in
2402 2257 2717 2325 infernum

1748 2348 1869 2412 sed
1910 2353 2203 2418 vivamus
2248 2356 2312 2418 in
2358 2366 2670 2425 aeternum

1746 2452 2044 2519 videntes
2090 2455 2277 2522 deum
2325 2460 2593 2541 deorum
2789 2494 2794 2497 ·
2922 2473 2998 2540 65,

1744 2556 1810 2618 in
1854 2559 2096 2623 saeeula
2141 2562 2541 2628 saeculorum.

2738 2313 2756 2345 5

389 2297 637 2384 Aquila
682 2315 746 2369 te
792 2307 1132 2394 figuravit,

391 2406 535 2484 quis
581 2417 955 2474 sanctornm
996 2417 1091 2479 sie
1136 2419 1438 2484 volavit?

386 2508 453 2566 te
500 2504 603 2567 sol
646 2527 843 2572 verns
887 2512 1262 2601 illustravit,

387 2623 474 2667 ex
520 2613 584 2669 te
629 2611 808 2675 rivus
853 2621 1188 2684 emanavit
1552 2631 1637 2693 40

387 2705 653 2774 dulcore
700 2719 1068 2803 suavitatiS,
1746 2722 2068 2804 [Verbum
2115 2726 2222 2790 dei
2265 2730 2510 2794 referat

385 2829 629 2878 summe
674 2815 905 2884 doctor
950 2826 1254 2893 caritatis,
1827 2827 2164 2894 «lohannes
2210 2836 2649 2916 evangelista»

1740 2951 1929 3013 quem
1975 2932 2178 3016 digito
2225 2947 2702 3009 monstraverat

833 3014 1173 3083 amborum.
1824 3034 2161 3101 Johannes
2205 3040 2411 3105 almus
2458 3045 2759 3128 baptista.
2914 3052 2990 3114 ⁷0

380 3160 590 3230 olivae
635 3188 755 3233 vos
801 3179 1139 3264 pretiosae,
1735 3194 1872 3261 Hos
1917 3200 2193 3280 petimus
2233 3205 2571 3288 attentiuS,

381 3286 654 3351 quorum
696 3276 851 3343 vitae
897 3282 1237 3371 gloriosae,
1822 3319 1965 3365 oum
2001 3304 2140 3393 ¹sint
2184 3309 2389 3371 nostri
2434 3312 2724 3395 patroni,

377 3374 696 3444 columnae
745 3385 1025 3451 ooelestis
1072 3395 1329 3475 templi,
1542 3400 1625 3462 45
1734 3410 1804 3465 ut
1847 3398 2091 3469 nostrae
2137 3410 2519 3489 generosius

377 3482 626 3545 morum
664 3482 863 3549 flores
908 3497 975 3552 et
1021 3496 1330 3576 exempli,
1520 3578 1529 3583 ‚
1818 3505 2022 3569 assint
2062 3509 2375 3589 petitioni.
2467 3510 2710 3592 amen]

551 3686 645 3741 Hs.
684 3705 753 3742 zu
790 3691 1131 3765 Karlsrnhe‚
1169 3716 1220 3755 o.
1256 3701 1360 3757 No.
1396 3720 1449 3758 v.
1490 3709 1646 3764 1440.
1683 3711 1768 3766 Bl.
1788 3713 1872 3767 68.
1946 3715 2005 3769 In
2045 3716 2251 3771 diesem
2288 3719 2459 3775 Liede
2495 3723 2619 3777 sind
2656 3724 2744 3779 die
2783 3727 2982 3783 beiden

371 3770 633 3843 Heiligen
670 3785 1247 3855 zusammengestellt,
1283 3791 1417 3844 weil
1455 3794 1539 3848 sie
1575 3796 1838 3865 gleiohen
1875 3802 2088 3857 Namen
2125 3804 2337 3876 haben3
2392 3811 2714 3879 gewiinlich
2747 3816 2981 3870 werden

368 3855 595 3928 Heilige
629 3860 688 3915 in
724 3863 829 3918 den
866 3865 1104 3924 Liedern
1140 3874 1492 3950 verbunden,
1528 3881 1619 3937 die
1655 3884 1917 3956 gleiohen
1944 3890 2181 3962 Festtag
2217 3893 2429 3963 haben,
2483 3897 2593 3951 wie
2630 3899 2834 3955 Petrus
2870 3903 2980 3957 und

369 3941 601 4016 Paulus,
637 3946 831 4005 Simon
868 3954 980 4007 und
1015 3954 1192 4012 sudas
1230 3978 1283 4015 u.
1319 3979 1371 4017 a.

546 4099 610 4151 11
650 4096 749 4152 ille
785 4100 1003 4157 scheint
1037 4105 1145 4161 mir
1180 4104 1505 4169 fehlerhast.
1593 4118 1664 4171 33
1701 4120 2027 4190 praebuisti,
2063 4124 2158 4179 Hs.
2255 4128 2326 4181 35
2364 4128 2498 4198 spir.
2535 4130 2696 4185 deum
2731 4133 2843 4187 vid.
2881 4136 2976 4189 Hs.

362 4182 436 4236 37
471 4184 746 4255 aquilam,
782 4188 877 4244 Hs.
948 4193 1018 4247 45
1055 4196 1292 4267 templa,
1342 4199 1437 4256 Hs.
1506 4205 1578 4258 46
1609 4208 1909 4278 exempla,
1958 4211 2054 4265 Hs.
2126 4216 2193 4267 51
2236 4220 2376 4284 tam,
2414 4217 2510 4272 Hs.
2583 4221 2652 4273 62
2687 4219 2795 4274 hac
2831 4218 2976 4279 fehlt

363 4266 468 4322 der
502 4270 599 4324 Hs.
670 4275 904 4332 67—74
939 4282 1189 4351 gehon-en
1227 4285 1382 4342 nicht
1416 4306 1487 4343 zu
1523 4290 1731 4348 diesem
1777 4296 1947 4351 Liede
1969 4338 1985 4367 ,
2058 4300 2302 4355 sondern
2339 4304 2465 4357 sind
2499 4307 2971 4362 wahrseheinlieh

359 4352 744 4416 Bruchstiicke
781 4379 884 4429 aus
920 4367 1097 4423 einem
1132 4372 1361 4427 andern.
1416 4379 1484 4429 72
1521 4377 1613 4432 hio
1651 4395 1774 4436 cum
1810 4382 1939 4453 sint,
1975 4386 2070 4440 Hs.

534 4519 600 4575 V.
636 4523 686 4574 5.
742 4526 1160 4598 symphonista,
1210 4537 1351 4589 statt
1386 4551 1500 4590 vox
1536 4538 1827 4597 clamantis
1865 4544 1921 4598 in
1959 4545 2201 4603 deserto.
2273 4549 2564 4606 Johannes
2614 4570 2649 4607 a
2684 4559 2965 4625 propheta

354 4605 462 4679 (Is.
487 4608 573 4678 40,
601 4610 671 4681 3)
707 4627 818 4667 vox
856 4621 1089 4703 vocatus
1126 4624 1230 4690 est,
1268 4623 1400 4691 qnia
1435 4614 1669 4682 verbum
1707 4631 1961 4699 praeibat.
2004 4618 2233 4705 'Greqon
2260 4639 2331 4693 M.
2367 4639 2513 4693 hom.
2542 4639 2598 4694 in
2627 4656 2710 4694 ev.
2745 4645 2792 4711 1,
2812 4645 2964 4713 20,3.
