3175 5234
1195 684 1369 759 632.
1437 680 1565 756 Ad
1619 706 1863 756 omnes
1912 692 2212 779 sanctos.

391 926 762 1004 schamen,
809 924 1095 1007 baptista
1140 922 1380 988 Christi
1397 971 1415 1004 ‚

393 1046 627 1094 vocem
668 1026 879 1111 patris
924 1026 1034 1108 qui
1080 1025 1317 1091 audisti

392 1138 461 1196 et
502 1129 726 1195 vidisti
771 1128 1282 1197 descendentem

390 1232 686 1317 spiritum
734 1231 916 1297 clare
963 1232 1277 1296 nitentem

479 1337 548 1400 in
593 1335 911 1401 columbae
954 1334 1219 1416 specie,
1614 1335 1655 1397 5

396 1439 607 1522 ipsum
654 1455 773 1502 ora
816 1436 1216 1519 baptizatum
1236 1482 1253 1516 ,

396 1547 470 1605 nt
512 1539 808 1622 peccatis
856 1538 1266 1603 emendatum

392 1659 499 1704 me
543 1647 700 1724 post
739 1638 1166 1722 temporalem
1210 1646 1483 1707 mortem

397 1759 550 1807 esse
593 1742 795 1807 faciat
837 1749 1207 1825 consortem
1532 1738 1535 1741 ’

488 1846 774 1910 coelestis
819 1846 1082 1911 laetitiae.
1571 1844 1653 1907 10

398 2032 456 2098 0
498 2053 621 2100 vos
669 2052 984 2119 proceres
1030 2034 1304 2116 bisseni,

398 2137 677 2221 spiritali
717 2146 928 2203 musto
974 2138 1185 2222 pleni,

399 2239 627 2324 signis,
671 2240 861 2307 factis
909 2249 978 2305 et
1020 2242 1315 2307 doctrina

398 2354 812 2409 sacramenta
856 2346 967 2428 qui
1012 2345 1236 2409 divina

489 2445 783 2511 edidistis
827 2447 1067 2528 libere,
1572 2449 1652 2510 15

399 2568 527 2635 pro
568 2569 674 2614 me
719 2548 887 2613 ferte
933 2568 1170 2633 preces
1213 2548 1321 2632 pie

398 2654 467 2717 in
510 2651 628 2717 illa
669 2650 1007 2716 tremenda
1054 2650 1161 2714 die
1177 2698 1195 2731 ‚

401 2760 653 2842 quando
685 2760 890 2840 judea:
931 2764 1028 2825 est
1067 2762 1367 2824 venturus

402 2861 529 2945 piis
571 2862 772 2944 mitis,
818 2861 1005 2926 malis
1050 2861 1277 2943 durus,

480 2962 666 3047 justo
710 2983 954 3046 urgens
1002 2982 1286 3029 munere.
1568 2966 1656 3031 20

398 3150 456 3216 0
498 3154 677 3218 beati
725 3151 967 3217 Christi
1015 3146 1287 3238 testes,

406 3257 519 3341 qui
562 3257 814 3321 lavistis
860 3267 1115 3322 vestras
1159 3266 1379 3325 vestes

405 3358 475 3422 in
519 3358 663 3443 ejus
709 3360 865 3442 agni
909 3378 1172 3440 cruore,

402 3479 524 3527 suo
569 3462 874 3528 mundum
919 3465 1029 3544 qui
1072 3464 1323 3544 liquore

400 3576 405 3581 ·
492 3565 752 3627 sanavit
792 3564 1105 3647 feliciter,
1570 3567 1655 3632 25

405 3683 530 3730 vos
574 3684 744 3731 nnnc
786 3664 855 3729 in
901 3674 1254 3750 conspectu
1290 3665 1396 3732 dei

406 3787 729 3836 memores
776 3779 985 3837 estote
1021 3773 1178 3855 mei,

406 3881 480 3940 ut
513 3884 667 3958 post
709 3877 864 3941 vitae
911 3876 1102 3961 hujus
1148 3898 1404 3945 cursum

402 3977 470 4041 in
517 3977 749 4043 coelum
794 3979 1227 4044 conscendam
1273 4000 1527 4048 sursum

494 4080 580 4146 ad
625 4080 974 4146 laetandum
1010 4081 1278 4165 jugiter.
1571 4089 1657 4151 30

1760 919 1999 986 Omnes
2046 919 2255 985 sancti
2299 917 2747 1000 consessores,

1759 1041 2028 1106 qnorum
2072 1024 2240 1104 vita,
2285 1023 2491 1088 verba
2509 1070 2525 1103 ,
2570 1038 2785 1085 mores

1758 1124 1866 1190 hic
1910 1126 2008 1192 sic
2052 1124 2348 1190 christus
2395 1123 2820 1208 approbavit,

1759 1237 1826 1295 et
1869 1247 1991 1293 vos
2037 1248 2256 1295 secum
2302 1246 2471 1292 nunc
2513 1226 2757 1292 locavit

1844 1333 1912 1397 in
1957 1333 2105 1398 coeli
2147 1332 2426 1415 palatio,
2665 1351 2678 1359 ·
2929 1333 3020 1394 35

1758 1454 1842 1499 ne
1888 1433 2196 1499 seductor
2240 1432 2591 1497 animarum

1755 1541 1827 1605 in
1868 1538 1991 1605 luzo
2034 1537 2194 1603 valle
2236 1538 2645 1603 lacrimarum

1756 1661 1861 1707 me
1901 1643 1970 1706 in
2015 1642 2149 1707 nlla
2192 1650 2382 1726 parte
2426 1639 2659 1724 laedat,

1756 1763 1882 1828 pro
1926 1763 2062 1827 me,
2106 1762 2382 1828 precor,
2426 1740 2788 1807 intercedat

1845 1853 2071 1911 vestra
2115 1846 2518 1931 snpplicatio.
2930 1846 3023 1908 4o

1759 2034 1922 2101 Cum
1968 2030 2208 2100 decore
2250 2034 2557 2118 virginali
2573 2081 2592 2116 ,

1758 2141 1892 2207 fide
1940 2138 2181 2205 Christi
2227 2139 2499 2225 speciali
2515 2187 2533 2222 ,

1758 2264 1906 2329 qnae
1951 2244 2327 2326 frequenter
2370 2242 2736 2308 adhaesistis

1760 2357 1826 2413 et
1870 2350 2174 2413 laetanter
2214 2345 2529 2412 introistis

1841 2452 1912 2516 in
1956 2452 2099 2536 ejus
2142 2452 2503 2536 potentias,
2929 2451 3018 2513 45

1758 2553 1915 2620 mihi
1957 2555 2195 2620 vestris
2237 2555 2526 2619 obtinete

1756 2656 2066 2741 precibus
2083 2703 2102 2738 ‚
2149 2661 2219 2720 ‘nt
2261 2674 2408 2721 cum
2454 2657 2668 2738 quiete

1762 2780 1804 2825 a
1845 2759 2136 2843 peccatis
2182 2758 2518 2824 absolutus

1761 2861 1928 2927 liber
1969 2859 2207 2926 vadam
2251 2867 2446 2942 atque
2490 2865 2665 2923 tutus

1848 2962 1933 3028 ad
1978 2964 2279 3029 coelestes
2323 2965 2600 3047 nuptias.
2932 2962 3020 3025 50

1760 3152 2066 3221 Universi
2109 3157 2292 3220 cives
2337 3155 2517 3237 coeli,

1759 3264 1977 3324 mente
2019 3274 2259 3341 precor
2301 3276 2423 3321 vos
2468 3256 2679 3339 fideli,

1760 3365 1873 3448 qui
1917 3382 2061 3429 cum
2105 3361 2367 3427 Christo
2413 3381 2583 3427 nunc
2627 3362 2940 3486 regnatis,

1759 3473 1859 3548 ut,
1904 3484 2071 3531 meae
2116 3463 2498 3531 calamitatis

1847 3585 2165 3633 memores
2211 3567 2514 3648 miseriae,
2931 3564 3021 3627 55

1761 3672 1962 3737 oretis
2005 3689 2130 3755 pro
2173 3679 2525 3754 peccatore
2545 3716 2561 3749 ‚

1762 3785 1833 3841 ut
1875 3796 1916 3840 a
1958 3773 2325 3839 Leviathan
2371 3790 2486 3837 ore

1763 3900 1892 3965 ego
1936 3880 2105 3947 liber
2150 3887 2217 3943 et
2259 3878 2510 3942 solutus

1764 4006 1848 4048 ex
1892 3983 2019 4048 hac
2064 3983 2198 4045 vita
2234 3980 2471 4044 vadam
2515 3985 2689 4043 tutus

1851 4086 1935 4150 ad
1979 4085 2261 4151 tribunal
2305 4084 2555 4164 gloriae.
2932 4081 3018 4144 60

581 4266 679 4322 Hs.
717 4286 787 4323 zu
821 4269 1032 4339 Mainz,
1068 4274 1212 4343 Aug.
1249 4273 1355 4331 No.
1391 4276 1512 4331 438.
1562 4276 1649 4331 Bl.
1684 4277 1770 4333 93.
1805 4277 1917 4347 (B)
1972 4275 2071 4329 des
2111 4276 2177 4327 14
2212 4273 2408 4329 Jahrb.
2480 4270 2869 4325 Reichenaner
2909 4267 3008 4386 Hs.

384 4322 1033 4428 'N0.36.131.37(A).

585 4474 687 4529 Die
723 4476 868 4529 zwei
904 4483 1094 4535 ersten
1131 4480 1415 4553 Strophen
1455 4484 1581 4538 sind
1616 4486 1762 4541 uach
1796 4485 1899 4540 der
1937 4481 2222 4554 Zeitfolge
2259 4482 2569 4552 geordnet,
2633 4479 2724 4532 die
2761 4477 3006 4550 iibrigen

403 4562 555 4617 nach
600 4561 703 4616 der
736 4561 1102 4636 Eintheilung
1150 4566 1251 4622 der
1285 4569 1574 4641 Heiligen,
1640 4572 1780 4627 aber
1827 4571 1982 4627 nicht
2015 4569 2371 4639 vollstandig
2406 4565 2758 4641 ausgefiihrt.
2828 4566 2876 4621 B
2912 4564 3012 4619 be-

404 4648 570 4721 ginnt
605 4647 706 4706 das
744 4646 879 4704 Lied
913 4649 1013 4705 mit
1048 4648 1357 4725 folgenden
1390 4656 1624 4728 Versen,
1662 4657 1754 4714 die
1789 4658 1945 4715 nicht
1980 4659 2125 4714 dazu
2159 4656 2442 4729 gehoren.
