3175 5234
513 400 721 465 Intrat
764 401 992 486 urbm
1025 399 1388 484 Dadanu,
1431 402 1597 468 furit
1628 411 1823 470 mem
1868 406 2105 488 heffl,

515 503 798 587 spondet
839 522 1067 568 necem
1111 502 1523 589 christianis,
1568 508 1821 572 mat
1860 509 2223 593 *supplicia

514 607 832 672 accersita
877 624 1149 692 pronum
1175 603 1204 644 ⁴
1246 607 1446 674 Fides
1493 609 1580 674 ad
1624 617 1967 693 tyrannum
2014 611 2302 695 ducitur,

511 710 844 774 immolare
891 711 997 773 vel
1035 710 1217 775 feriri
1266 711 1488 793 gladio
1538 714 1930 797 praecipitur.

511 898 685 964 Ecce
729 898 929 965 Fides
977 910 1253 966 evocata
1301 902 1535 966 clamat
1581 909 1732 967 ante
1767 904 2089 988 judicem:
2376 961 2381 965 ,

518 999 882 1084 „Christum
929 1004 1094 1082 colo,
1142 1000 1467 1070 Christum
1510 1012 1717 1071 testor
1759 1009 2037 1072 omnium
2083 1006 2428 1092 artificem,

403 1139 412 1148 ·
519 1111 590 1169 ut
635 1122 938 1170 arcanum
983 1106 1106 1169 mei
1151 1105 1369 1170 cordis
1413 1107 1558 1190 tibi,
1597 1107 1827 1192 judex,
1872 1097 2180 1192 indicem,

515 1203 839 1273 Christum
879 1206 1045 1289 coln,
1095 1205 1419 1272 Christum
1464 1218 1588 1274 etc.

508 1393 684 1458 Nihil
726 1394 878 1459 mihi
922 1414 1064 1461 cum
1110 1395 1342 1478 Diana,
1404 1398 1560 1461 nihil
1608 1418 1752 1463 cum
1795 1396 2137 1482 Apolline,

508 1514 672 1579 quos
707 1499 814 1561 vel
863 1499 1182 1582 appellari
1227 1499 1387 1564 deos
1434 1500 1631 1584 longe
1678 1503 1760 1566 sit
1803 1505 1887 1568 ab
1931 1503 2219 1584 homiue3

509 1599 599 1663 dii
641 1600 844 1664 vestri
883 1600 1264 1683 manufacti,
1311 1600 1456 1667 dii⁵
1499 1605 1644 1669 solo
1690 1606 1943 1669 nomine
1964 1653 1982 1687 ,

508 1720 673 1786 quos
717 1702 826 1766 vel
871 1704 1188 1789 appellari
1235 1714 1356 1771 etc.
1449 1761 1459 1769 .

510 1887 775 1976 Sponsa
819 1890 1060 1957 Christi
1108 1887 1556 1960 contemnente
1603 1897 1836 1978 minas,
1881 1916 2148 1981 preces,
2195 1883 2519 1978 munera,⁴

511 2003 718 2061 tortor
765 2004 955 2081 parat
1000 1996 1306 2060 universa
1354 2007 1817 2065 tormentorum
1861 2021 2147 2084 genera;

498 2099 722 2180 jussus
767 2117 996 2184 poenas
1040 2100 1381 2182 innovare,
1429 2104 1830 2184 perscrutari
1870 2104 2153 2185 viscera,

509 2210 715 2267 tortor
760 2210 954 2285 parat
999 2209 1122 2265 etc.
1728 2231 1733 2238 ·

468 2483 474 2488 ,
509 2411 612 2477 Ex
658 2423 993 2500 praecepto
1039 2412 1309 2477 Daciani
1356 2413 1648 2478 carnifex
1695 2413 2145 2499 congreditur,

505 2524 754 2584 cratem
797 2518 1081 2601 profert,
1131 2519 1355 2582 subtus
1401 2519 1637 2598 carbo,
1683 2536 1882 2602 super
1926 2520 2119 2603 virgo
2149 2521 2452 2604 ,ponitur3

508 2619 669 2683 nihil
712 2619 823 2683 ille
868 2621 1372 2703 praetermittens
1416 2641 1501 2686 ex
1546 2620 1680 2701 his,
1725 2639 1870 2702 quse
1915 2623 2328 2707 praecipitur,

504 2731 754 2788 cratem
801 2723 1054 2807 profert
1099 2731 1221 2788 etc.

503 2930 747 2995 Tortor
790 2930 1012 2994 furens
1060 2931 1240 2995 fovet
1284 2932 1531 3013 ignem,
1580 2930 1834 2994 flamma
1878 2930 2090 3011 surgit
2134 2929 2365 3010 altius,

503 3043 701 3118 rupta
747 3039 894 3097 cute
938 3031 1039 3094 vis
1083 3031 1338 3096 ardoris
1377 3040 1722 3117 perpetrat
1764 3030 2032 3095 interius
2052 3077 2069 3111 ‚

506 3135 664 3199 dum
708 3137 1030 3201 carbones
1075 3142 1142 3200 et
1189 3153 1281 3200 ωε
1328 3135 1616 3199 candens
1658 3136 2004 3200 vulnerant
2047 3135 2352 3219 exterius,

507 3247 703 3323 rupta
749 3247 895 3305 cute
941 3248 1062 3305 etc.
1175 3240 1180 3245 ’

512 3448 856 3513 Nuntiatur
900 3448 1190 3513 Daciano
1234 3446 1510 3528 virginis
1554 3445 1952 3527 comtantia,

511 3570 702 3633 quam
731 3570 859 3616 non
890 3551 1175 3632 flectunt,
1223 3549 1342 3612 sed
1372 3567 1496 3614 nec
1526 3556 1774 3613 terrent
1799 3550 1988 3613 minae
2017 3550 2124 3612 vel
2156 3548 2496 3634 supplicia,

500 3654 691 3738 jubet
735 3673 897 3737 ergo
942 3645 1238 3738 capitalis
1284 3654 1507 3736 puniat
1551 3654 1902 3735 sententia,

511 3775 703 3838 quam
749 3775 874 3823 non
916 3758 1084 3822 ssect.
1132 3763 1252 3821 etc.

507 3964 716 4030 Ducta
759 3963 957 4028 Fides
991 3964 1088 4028 ad
1125 3963 1402 4029 delubra
1446 3981 1591 4038 cum
1636 3965 1839 4030 trihus
1874 3964 2259 4046 juvenibus,

509 4068 662 4150 quia
705 4069 932 4133 nolunt
972 4067 1306 4132 immolare
1351 4066 1669 4132 feriuntur
1714 4068 2007 4147 ensibus,

505 4189 634 4235 uno
681 4170 913 4253 corde,
956 4171 1104 4255 pari
1147 4189 1312 4236 voce
1351 4171 1594 4255 spretis
1641 4169 1830 4235 deum
1877 4170 2170 4235 cultibus.

511 4275 661 4356 quia
707 4274 931 4340 nolunt
975 4283 1097 4340 etc.

512 4478 564 4541 0
610 4496 957 4545 coruscans
1002 4484 1070 4546 in
1109 4499 1392 4565 superno
1435 4481 1605 4565 lapis
1651 4450 1928 4543 aedificio
1945 4526 1961 4552 ,

512 4582 704 4664 virgo
747 4592 994 4669 martyr
1036 4585 1364 4667 laureata,
1407 4583 1609 4650 mixto
1654 4599 1826 4646 rosae
1871 4581 2034 4662 lilio,

2732 619 2818 682 50

2728 1220 2815 1281 55

2718 1856 2839 1963 60⁷
2946 1967 2953 1974 ,

2719 2522 2801 2584 65

2717 3142 2801 3206 ’10

2714 3763 2797 3823 '25
