3175 5234
708 609 882 682 726.
952 608 1283 709 Hymnus
1336 609 1426 682 de
1468 636 1523 683 s.
1575 610 1831 685 Marco
1882 612 2331 712 evangelista,

500 814 736 881 Mater
777 813 892 878 illa
936 813 1124 897 prole
1170 813 1493 895 quondam
1537 813 1699 880 foeta
1732 813 1893 880 felix
1934 815 2210 900 Suevia,

505 938 653 1001 qua
693 916 1023 981 Ratoltum
1068 917 1443 1000 procreavit
1484 917 1552 981 in
1595 916 1869 982 salutem
1917 920 2182 1001 civium,

507 1038 653 1104 quo
694 1039 819 1104 per
865 1038 1076 1084 aevnm
1120 1018 1454 1084 effloret-et
1492 1021 1641 1104 ipso
1684 1028 1874 1104 patre
1915 1021 2169 1105 patriae.

507 1204 776 1271 Praesul
817 1206 960 1288 ipse
1006 1203 1156 1269 dum
1199 1203 1484 1269 Veronae
1531 1206 1779 1271 civitati
1821 1206 2118 1289 praesnit,

503 1309 616 1374 sic
657 1307 949 1391 gerendo
995 1309 1324 1373 serviebat
1368 1308 1669 1374 saeculari
1714 1307 1933 1374 debito
1947 1357 1966 1392 ,

505 1419 592 1477 ut
636 1412 934 1495 supernis
977 1413 1324 1477 interesset
1367 1419 1583 1478 mente
1628 1431 1889 1497 semper
1932 1412 2204 1494 gaudiis.

503 1600 671 1685 Ipse
713 1600 972 1664 flamma
1016 1599 1303 1664 caritatis
1344 1598 1510 1664 fovit
1553 1617 1776 1665 omnes
1820 1603 2157 1685 proximos
2176 1650 2194 1684 ,

504 1704 667 1787 plus
711 1701 831 1766 sed
874 1702 986 1765 uni
1029 1702 1230 1766 corde
1272 1701 1407 1766 fido
1452 1704 1657 1788 stirpe
1703 1704 1831 1770 civi
1879 1703 2142 1769 Veneto

509 1804 831 1887 singulari
877 1804 1061 1888 pacis
1104 1803 1295 1868 haesit
1336 1804 1710 1869 inl-emissus
1752 1805 2033 1871 vinculo.

508 1993 794 2074 Jamque
839 2009 1059 2055 secum
1104 1989 1516 2055 conferentes
1557 1993 1766 2054 verba
1808 1998 2026 2055 mutua

511 2096 974 2181 provocabant
1017 2093 1425 2175 alterutrum,
1470 2110 1637 2158 voce
1682 2099 1850 2156 teste
1898 2091 2217 2177 prodere,

513 2203 712 2287 quale
758 2220 1066 2265 summum
1114 2219 1338 2266 munus
1381 2200 1549 2265 alter
1586 2199 2029 2266 commodaret
2072 2201 2278 2267 alteri.

510 2391 680 2457 Haec
720 2390 992 2476 recepta
1034 2390 1409 2475 postulandi
1452 2391 1717 2473 optione
1760 2392 2055 2474 pontifex

518 2504 974 2578 comprecatus
1019 2501 1121 2557 est
1165 2511 1499 2558 sacrorum
1541 2500 1736 2576 grata
1780 2492 1953 2558 dona
1996 2494 2334 2577 pignerum
2356 2541 2374 2576 ,

515 2597 841 2661 aestimata
884 2597 1301 2686 congruentis
1347 2596 1705 2678 quantitate
1747 2595 1960 2679 pretii.

515 2782 877 2868 Adquievit
919 2781 1088 2847 fidus
1131 2783 1243 2847 ille
1285 2785 1574 2868 pactioni
1617 2786 1834 2851 socius
1850 2832 1869 2867 ,

519 2896 750 2954 cuncta
794 2886 1125 2970 spondeus
1169 2904 1244 2950 se
1288 2893 1554 2970 patrare
1599 2893 1757 2970 apta
1801 2888 1973 2952 votis
2015 2889 2185 2953 illius

515 2992 585 3055 in
626 3008 898 3056 recursu
939 2990 1232 3055 annualis
1275 2989 1583 3055 denotato
1629 2991 1958 3077 temporis.

520 3177 636 3245 Sic
680 3187 953 3262 uterque
997 3178 1148 3244 hinc
1192 3187 1477 3242 remotus
1522 3195 1597 3242 se
1640 3180 1894 3262 recepit
1936 3180 2003 3242 in
2048 3198 2166 3244 sua

514 3302 900 3368 praeparans
946 3301 1020 3346 se
1065 3280 1148 3346 ad
1194 3282 1418 3346 statuti
1461 3281 1856 3346 sanctionem
1901 3282 2210 3364 muneris,

516 3405 601 3451 ne
648 3386 802 3469 quid
845 3387 972 3452 illis
1017 3388 1084 3449 in
1125 3386 1450 3470 promisso
1493 3384 1882 3452 redderetur
1925 3387 2192 3450 irritum.

515 3573 693 3643 Ecce
738 3576 998 3641 tandem
1044 3585 1221 3640 astra
1265 3578 1534 3642 vincens
1578 3577 1693 3641 lux
1735 3593 1968 3639 serena
2011 3574 2372 3659 splenduit,

517 3697 663 3744 cum
707 3679 921 3744 fidelis
965 3697 1243 3764 sponsor
1286 3681 1398 3744 ille
1443 3679 1634 3745 dulce
1677 3697 1906 3743 munus
1953 3678 2193 3761 attulit,

516 3782 728 3865 majus
769 3784 882 3848 illo
903 3832 920 3865 ,
966 3783 1141 3865 quod
1183 3804 1304 3868 per
1348 3785 1566 3866 ignem
1602 3784 1832 3848 transit
1877 3802 2036 3848 auro
2084 3787 2347 3868 optimo.

521 4017 557 4054 „
581 3968 868 4054 Corpus,
911 3972 1146 4054 inquit,
1192 3990 1349 4036 ecce
1393 3971 1604 4037 Marci
1648 3970 1774 4035 hoe
1817 3991 1978 4036 vere
2030 3972 2351 4055 theologi,

516 4081 658 4137 arte
703 4073 906 4138 multa
949 4083 1018 4139 et
1059 4074 1285 4140 labore
1332 4080 1773 4156 comparatum
1819 4075 2079 4158 accipe,

515 4178 638 4243 sed
681 4177 991 4263 repressa
1033 4178 1295 4244 notione
1339 4186 1471 4242 tam
1513 4176 1790 4242 verendi
1831 4172 2174 4241 nominis.“

516 4367 929 4454 SuspicatuS,
975 4378 1117 4435 arte
1161 4390 1245 4434 ne
1291 4390 1420 4453 qna
1462 4369 1825 4453 luderetur,
1873 4365 2169 4452 pontifex

514 4495 647 4543 non
691 4476 942 4560 recepit
983 4475 1170 4558 illud,
1215 4483 1365 4540 ante
1413 4494 1605 4557 quam
1647 4470 1928 4557 probata
1971 4491 2046 4535 re
2088 4469 2255 4534 fides

516 4582 769 4648 visione
813 4589 981 4648 teste
1026 4599 1216 4647 curas
1260 4579 1492 4647 mentis
1538 4595 1760 4644 omnes
1804 4582 2114 4659 tergeret.

2690 222 2822 288 1187

2733 1994 2815 2057 10

2731 2599 2813 2661 15

2726 3288 2811 3350 20

2729 3974 2813 4035 25

2728 4572 2812 4634 30
