3175 5234
378 250 508 315 148

376 439 567 507 Nunc
606 457 710 503 me
757 436 1019 520 sanguis
1060 435 1254 521 juvet
1295 443 1547 518 vester,
1733 435 1891 501 Oret
1933 453 2314 500 numerosus
2358 442 2597 515 emtus,

376 560 463 606 ne
507 561 548 605 a
592 537 853 602 Christo
897 545 1053 603 tunc
1096 546 1487 620 sequestrer,
1731 537 1976 602 inferar
2019 545 2091 602 ut
2136 537 2303 602 coelo
2348 538 2568 620 laetus,

381 650 571 708 orent
614 661 843 708 cruces
889 649 957 706 et
994 659 1286 721 coronae,
1735 657 1860 703 nec
1903 646 2208 704 occurrat
2249 638 2404 702 mihi
2449 647 2686 723 metus,

382 766 466 811 ne
511 749 920 813 succumbam
964 747 1028 811 in
1078 762 1292 828 agone
1735 743 2105 806 interventu
2145 749 2370 806 vestro
2416 742 2654 826 fretus,

466 849 770 931 culpante
816 848 1227 913 conscientia.
1546 845 1630 907 35
1825 851 2071 910 aeterna
2116 845 2235 909 sed
2279 845 2522 910 laetitia.
2901 847 2992 909 40

548 1047 646 1102 Hs.
685 1064 756 1102 zu
789 1046 987 1116 minz,
1024 1049 1168 1120 Aug.
1205 1049 1309 1105 No.
1346 1050 1467 1104 439.
1509 1048 1597 1103 131.
1636 1049 1753 1105 184.
1796 1047 1897 1103 des
1936 1051 2004 1102 15
2040 1048 2238 1104 Jahrb.

549 1170 618 1221 21
657 1173 735 1237 ut,
772 1168 867 1223 Hs.

551 1287 618 1341 V.
646 1288 694 1342 6.
749 1289 808 1342 In
847 1288 1139 1359 suppliciis
1177 1293 1235 1342 et
1269 1286 1546 1343 mortibus
1582 1287 1878 1344 beatorum
1914 1293 2253 1359 martyrum,
2303 1290 2398 1360 qui
2436 1289 2779 1360 putabantur
2814 1290 2993 1347 minui

375 1388 636 1441 numero,
701 1375 1224 1444 multiplicabantur
1271 1375 1546 1445 exemplo.
1610 1375 1768 1430 Leon.
1804 1390 1871 1428 m.
1907 1392 2071 1429 serm.
2107 1377 2207 1444 36,
2244 1378 2297 1430 3.
2383 1377 2619 1452 στρατὸς
2655 1379 2712 1433 ἐν
2748 1375 2993 1454 ἀριθμῷ

377 1461 682 1536 δισμυρίων
714 1461 1026 1537 μαρτύρων.
1061 1463 1254 1518 Horar.
1289 1464 1410 1517 229.
1483 1462 1639 1517 Dazu
1674 1463 1885 1534 gehiirt
1920 1460 2191 1533 folgende
2226 1463 2498 1535 wichtige
2527 1464 2726 1535 Stelle,
2764 1466 2990 1521 welche

376 1547 485 1602 den
531 1546 814 1604 Eindruck
864 1549 963 1604 des
1011 1550 1478 1622 M'a'rtyrerthums
1538 1547 1647 1603 auf
1687 1548 1774 1603 die
1828 1550 2090 1606 Christen
2139 1550 2319 1605 durch
2366 1551 2528 1605 einen
2575 1552 2991 1624 Zeitgenossen

377 1634 638 1707 bezeugt.
712 1634 838 1691 τότε
874 1627 1014 1707 ἦσαν
1050 1639 1265 1703 πιστοὶ,
1303 1634 1393 1692 ὅτε
1428 1635 1497 1691 τὰ
1531 1633 1811 1712 μαρτύρια
1848 1635 1912 1709 τῇ
1945 1634 2105 1712 γενεᾷ
2140 1637 2408 1709 ἐγίνοντο,
2456 1637 2543 1693 ὅτε
2582 1636 2695 1695 ἀπὸ
2731 1638 2837 1695 τῶν
2870 1661 2989 1696 κοι-

377 1727 648 1798 μητηρίων
696 1726 1125 1798 προπέμψαντες
1170 1722 1299 1786 τοὺς
1346 1722 1637 1798 μάρτυρας
1676 1719 1977 1797 ἠρχόμεθα
2014 1724 2104 1778 ἐπὶ
2140 1723 2239 1787 τὰς
2274 1724 2631 1801 συναγωγὰς,
2691 1731 2781 1782 καὶ
2818 1726 2914 1798 ὅλη
2950 1727 2989 1799 ἦ

377 1809 629 1879 ἐκκλησία
675 1808 751 1881 μὴ
800 1814 1117 1882 ἐκτηκομένη
1152 1815 1499 1886 παρεγίνετο,
1553 1813 1644 1865 καὶ
1680 1812 1736 1865 οἱ
1768 1809 2160 1882 κατηχούμενοι
2195 1808 2286 1867 ἐπὶ
2320 1820 2435 1875 τοῖς
2465 1819 2791 1890 μαρτυρίοις
2824 1834 2989 1887 κατη-

375 1893 591 1965 χοῦντο.
643 1896 881 1966 Oriqenis
917 1897 1107 1952 homil.
1145 1900 1197 1966 4,
1234 1900 1283 1950 4.

554 1983 620 2037 V.
657 1985 744 2039 36.
793 1985 1046 2056 Chryso-31.
1083 1984 1209 2038 adv,
1248 1985 1480 2040 Judaeos
1517 1985 1569 2052 8,
1609 1984 1660 2037 6.
1731 1981 1863 2039 ὅταν
1915 1984 2036 2057 ἴδῃς
2080 1986 2175 2041 τὸν
2224 1983 2364 2041 θεόν
2411 2006 2474 2042 σε
2517 1984 2811 2052 κολάζοντα
2830 2029 2846 2051 ,
2907 1988 2991 2061 μὴ

375 2069 522 2146 πρὸς
557 2069 685 2133 τοὺς
722 2070 974 2147 ἐχθροὺς
1028 2070 1199 2126 αὐτοῦ
1240 2068 1586 2147 καταφύῃῑς,
1641 2066 1781 2124 ἀλλὰ
1828 2068 1969 2147 πρὸς
2012 2070 2141 2133 τοὺς
2188 2074 2384 2142 φίλονς
2429 2069 2626 2140 αὐτοῦ,
2677 2073 2808 2138 τοὺς
2841 2075 2990 2152 μάρ-

375 2177 547 2233 τυρας
583 2157 712 2222 τοὺς
748 2158 960 2231 ἁγίους,
997 2162 1089 2213 καὶ
1131 2156 1548 2235 εὖηρεστηκότας
1585 2154 1736 2229 αὐτῷ
1770 2162 1862 2214 καὶ
1896 2158 2099 2230 πολλὴν
2134 2162 2362 2228 ἔχοντας
2398 2162 2719 2234 παρρησίαν.

637 2496 646 2505 ¹
688 2478 859 2550 738.
906 2475 996 2546 In
1047 2474 1161 2546 die
1211 2474 1454 2547 decem
1497 2473 1787 2546 millium
1832 2485 2234 2575 martyrum.
2282 2477 2667 2575 sequentia.

372 2695 498 2763 Hic
541 2704 643 2760 est
688 2695 827 2760 dies
873 2696 1304 2762 celebrandus
1732 2695 1850 2761 Isti
1893 2695 2128 2761 mundo
2175 2696 2479 2761 fortiores
2495 2743 2512 2778 ‚

372 2797 803 2880 laudibusque
851 2797 1344 2883 praesentandus
1731 2798 2026 2864 hostibus
2070 2800 2590 2882 praestantiores,
2901 2802 2988 2866 20

461 2903 602 2966 dies
649 2902 874 2967 decem
919 2904 1218 2985 millium,
1821 2899 2083 2966 Christo
2128 2921 2275 2966 sese
2322 2902 2656 2985 dedicant3

377 3026 556 3092 agon
600 3007 844 3073 Christi
887 3007 1334 3089 venerandus,
1732 3004 1801 3068 hi
1845 3005 2066 3070 vicere
2113 3006 2208 3071 sic
2253 3013 2566 3088 tortoreS,

372 3110 565 3176 favor
610 3112 822 3176 crucis
866 3109 1211 3175 imitandus
1586 3113 1627 3172 5
1732 3105 1906 3190 quod
1948 3124 2293 3190 passorum
2337 3106 2466 3172 dici
2506 3106 2706 3172 flores

459 3222 734 3280 mortem
786 3217 1014 3279 sanxit·
1044 3221 1418 3296 martyrum.
1809 3209 1965 3291 jure
2008 3209 2132 3273 sibi
2174 3206 2540 3273 vendicant.

372 3402 658 3481 Quorum
703 3401 904 3489 duces
948 3402 1366 3486 Hermolaus,
1733 3398 2062 3483 Quotquot
2107 3400 2274 3465 enim
2317 3420 2440 3484 per
2484 3408 2832 3483 tormenta,
2901 3401 2988 3464 25

372 3501 727 3588 Achatius,
773 3506 1143 3588 Menelaus,
1676 3588 1682 3595 ε
1730 3522 1923 3567 manu
1968 3503 2125 3569 forti
2166 3503 2385 3587 palma
2424 3500 2636 3586 tenta,

460 3606 777 3690 Albinus,
821 3607 1173 3690 Elyethes,
1816 3607 2009 3690 plura
2052 3627 2173 3692 per
2219 3607 2540 3692 supplicia

376 3727 600 3774 omnes
645 3730 775 3774 nna
792 3758 810 3792 ,
856 3710 1030 3790 quod
1076 3712 1160 3775 sit
1201 3729 1409 3775 vanus
1546 3710 1628 3774 10
1731 3709 1888 3774 vitae
1931 3719 2155 3776 tenent
2199 3710 2635 3793 firmamenta,

374 3809 649 3876 mundus
686 3810 813 3893 hic,
861 3809 1114 3875 daemon
1156 3811 1505 3896 profanus,
1732 3811 2117 3897 gaudiorum
2160 3815 2596 3896 incrementa,

461 3914 743 3980 clamant
778 3912 1021 3980 Christi
1065 3915 1314 3980 milites.
1821 3916 1943 3981 sed
1986 3935 2115 3982 non
2158 3937 2280 4003 per
2324 3919 2571 3983 similia.
2903 3918 2989 3982 30

374 4102 576 4170 Fides
621 4123 740 4189 spe
789 4107 1244 4188 corroborata,
1313 4146 1320 4153 ·
1729 4107 1946 4172 Morte
1996 4105 2256 4172 Christo
2303 4106 2764 4191 complantati,

374 4209 646 4276 caritate
691 4210 1013 4293 radicata,
1732 4229 1993 4277 crucem
2036 4208 2248 4275 Jhesu
2292 4211 2540 4275 lucrum
2583 4209 2711 4273 rati

460 4314 671 4396 fulget
713 4315 779 4379 in
823 4316 1216 4397 martyribus
1231 4361 1250 4397 ‚
1546 4315 1627 4377 15
1817 4312 2105 4398 psallunt
2151 4312 2276 4377 deo
2321 4313 2589 4395 gratias.

374 4415 580 4482 corda
623 4416 751 4482 deo
794 4426 1200 4503 praeparata‚
1734 4416 1837 4481 sol
1883 4424 1950 4480 et
1992 4417 2145 4481 luna
2188 4416 2539 4497 tenebrati,

371 4520 677 4607 passione
722 4523 1000 4603 sociata,
1737 4529 1914 4584 terra
1957 4528 2161 4603 mota,
2208 4519 2309 4584 his
2352 4519 2614 4603 probati
2888 4517 2987 4579 ’35

460 4631 777 4710 praestant
820 4624 1024 4688 sacris
1068 4626 1342 4708 legibus.
1823 4622 1949 4688 deo
1993 4622 2274 4690 reddunt
2318 4625 2579 4687 animas.
