3175 5234
2659 294 2791 359 153

380 716 555 792 743.
631 716 750 787 De
802 739 944 787 uno
1002 724 1308 816 martyre
1358 716 1473 788 vel
1524 716 1824 815 simplici
1875 716 2299 790 confessore.
2354 745 2586 819 prosa.

167 953 481 1019 Psallens
526 952 683 1034 deo,
731 949 922 1036 Sion,
967 953 1184 1036 gande

169 1057 335 1121 laeta
382 1075 550 1123 voce
566 1105 583 1135 ,
626 1055 826 1139 digna
865 1055 1062 1122 lande

265 1159 622 1224 concinens
667 1158 1017 1242 praeconia.

172 1346 617 1413 Celebrentur
656 1347 725 1410 in
769 1345 894 1411 hac
938 1346 1043 1412 die

171 1450 495 1514 famulatu
537 1447 750 1531 plebis
792 1448 901 1533 pie

259 1551 347 1614 N.
393 1549 707 1614 solennia.

178 1739 343 1805 Oret
382 1739 598 1824 ipsum
648 1739 851 1803 omnis
895 1737 1087 1803 homo
1102 1786 1120 1821 ,

175 1853 248 1909 ut
289 1842 540 1907 mereri
577 1841 741 1906 lucis
786 1840 978 1906 domo

261 1950 428 2014 vitae
468 1948 680 2031 possit
720 1946 1007 2031 praemia.

173 2140 434 2221 Psalle,
475 2138 718 2222 psalle,
761 2137 952 2223 plebs
997 2136 1237 2201 devota
1352 2137 1434 2199 10

175 2259 348 2327 puro
394 2241 595 2306 corde
614 2288 658 2323 ,,
687 2246 902 2304 mente
946 2246 1086 2305 tota

267 2363 519 2409 summa
562 2342 728 2408 dans
770 2341 1068 2426 tripudia.

177 2533 337 2601 Ave
373 2543 623 2618 martyr
665 2535 985 2618 pretiose,

180 2637 362 2702 sedis
407 2654 678 2703 consors
723 2635 1063 2719 gloriosae,

270 2740 516 2804 sanctis
557 2759 690 2824 pax
732 2740 799 2804 in
845 2739 1075 2822 gloria.

1356 2736 1436 2798 15

1538 952 1792 1020 Ferens
1835 958 2022 1021 nobis
2069 976 2251 1042 spem
2301 961 2528 1027 salutis

1537 1058 1694 1124 lava
1735 1059 1975 1141 labem„
1997 1080 2036 1125 a
2080 1062 2348 1145 pollutis

1626 1163 1779 1228 mali
1822 1161 1976 1229 data
2020 1164 2232 1231 venia.

1537 1348 1768 1417 Foedae
1812 1351 2026 1416 carnis
2069 1352 2258 1419 luxus
2302 1354 2476 1438 pelle

1539 1459 1609 1517 et
1650 1461 1934 1537 purgato
1978 1452 2195 1518 cordis
2241 1453 2393 1519 selle
2706 1459 2790 1522 20

1630 1555 1757 1621 deo
1801 1574 1922 1621 nos
1966 1557 2262 1622 concilia.

1537 1742 1770 1810 Funde
1811 1762 2046 1827 preces
2088 1762 2213 1829 pro
2257 1746 2582 1830 peccatis,

1538 1855 1758 1913 notam
1802 1847 1951 1913 dele
1993 1849 2336 1933 pravitatis

1627 1959 1695 2015 et
1737 1959 2016 2015 mentem
2059 1951 2323 2015 irradia.

1540 2136 1723 2204 Sana
1764 2141 2027 2204 morbos
2071 2147 2139 2203 ct
2180 2138 2531 2221 languores
2549 2185 2568 2221 ,
2699 2139 2782 2201 25

1541 2260 1700 2306 cura
1742 2246 1964 2325 pestes
2009 2246 2076 2304 et
2120 2237 2383 2304 dolores

1629 2351 1697 2407 et
1739 2344 1899 2426 fuga
1942 2342 2279 2407 daemonia.

1539 2531 1818 2597 Placens
1864 2531 1988 2597 deo
2032 2532 2229 2617 placa
2274 2551 2416 2598 enm
2433 2580 2452 2616 ‚

1541 2656 1626 2700 ne
1670 2636 2056 2702 condemnet
2103 2637 2355 2723 plasma
2399 2656 2585 2702 reum

1631 2741 1843 2805 carnis
1886 2749 2037 2825 post
2081 2742 2297 2807 exitia.
2707 2739 2792 2803 30

361 2923 480 2977 Ans
518 2921 959 2994 geschriebenen
993 2922 1271 2977 Zusitzen
1317 2918 1419 2975 des
1468 2922 1535 2975 15
1567 2922 1765 2978 Jahrb.
1815 2940 1885 2977 zu
1933 2924 2114 2979 einem
2158 2925 2312 2980 alten
2346 2924 2643 2980 Hessbuch
2679 2937 2794 2978 von

184 3010 526 3065 Neuhausen
561 3009 654 3064 bei
687 3006 1048 3073 Psoi-aheim„
1092 3007 1224 3064 Allo
1258 3007 1468 3063 dritten
1501 3005 1685 3063 Verse
1721 3008 1932 3064 reimen
1967 3009 2025 3062 in
2051 3009 2123 3064 ia.

370 3134 407 3185 3
445 3130 751 3200 continens,
789 3130 886 3186 Hs.
960 3130 995 3185 8
1031 3128 1199 3198 dono,
1235 3129 1330 3184 Hs.

1028 3482 1202 3559 744.
1267 3483 1385 3554 De
1433 3508 1576 3556 nno
1627 3494 1950 3584 martyre.

192 3733 332 3820 Spe
379 3737 701 3801 mercedis
746 3746 812 3802 et
855 3755 1117 3803 coronae

192 3845 371 3908 stetit
417 3851 667 3927 martyr
712 3845 778 3907 in
816 3863 1028 3927 agone

278 3947 364 4012 ad
411 3955 683 4013 mortem
729 3947 1066 4031 obediens,

190 4059 399 4115 morte
446 4050 773 4117 Christum
815 4052 1094 4116 imitatus
1098 4101 1119 4132 ,

190 4152 324 4218 fide
373 4153 595 4219 firmus
640 4164 708 4221 et
752 4154 1041 4219 firmatus

276 4254 468 4321 firm0
511 4276 744 4341 gressu
789 4257 1112 4342 gradiens.

189 4444 381 4511 Furit
425 4446 616 4511 furor.
654 4447 977 4528 militaris,

187 4555 261 4613 nt
304 4548 410 4612 vir
454 4567 644 4614 sacer
688 4550 894 4615 sacris
939 4548 1069 4614 aris

274 4652 642 4719 immoletur
685 4653 935 4736 hostia3

1546 3757 1738 3822 quem
1784 3737 2087 3803 occidunt
2121 3739 2499 3823 saevientes,
2713 3739 2794 3802 10

1544 3841 1959 3907 introducunt
2002 3844 2367 3908 nescientes

1633 3945 1718 4010 ad
1764 3954 2011 4010 aeterna
2055 3946 2313 4029 gaudia.

1546 4130 1790 4199 Christi
1834 4132 1991 4195 felix
2037 4130 2146 4196 hic
2188 4129 2431 4194 athleta
2451 4176 2469 4211 ,

1547 4237 1658 4317 qui
1703 4234 1919 4300 subire
1962 4240 2175 4296 mente
2215 4230 2370 4295 laeta

1632 4344 1906 4403 mortem
1950 4351 2081 4399 non
2125 4332 2493 4417 abhorruit,
2714 4334 2794 4397 15

1548 4450 1620 4506 ut
1663 4441 1748 4506 sit
1790 4440 1968 4506 salus
2010 4437 2406 4504 infirmorum

1548 4551 1617 4607 et
1660 4541 1914 4606 medela
1956 4549 2373 4624 peccatorum

1637 4647 1912 4729 gratiam
1955 4645 2331 4735 promeruit.
