3175 5234
2677 209 2813 281 16⁶

1038 647 1208 721 759.
1282 640 1409 717 Ad
1460 670 1515 715 s.
1569 638 1978 743 Aegidium.

192 854 395 923 Alme
444 852 787 918 confessor
829 849 1040 914 meriti
1086 848 1389 932 potentis,

191 956 440 1044 gratim
486 952 793 1036 templum
839 949 1396 1034 supereminentis,

194 1079 382 1126 sume
426 1058 688 1122 devotae
734 1054 850 1120 tibi
893 1061 1048 1118 vota
1093 1052 1325 1117 mentis

515 1180 674 1225 aure
721 1157 1025 1240 benigna.

195 1353 361 1432 Quae
408 1349 664 1434 quidem
709 1365 969 1430 semper
998 1343 1300 1427 quoniam
1336 1361 1456 1426 pe-

941 1448 1129 1530 tenti,
1417 1447 1456 1508 5

191 1560 392 1642 larga
435 1555 765 1623 blanditur
809 1553 1060 1638 gremio
1104 1551 1351 1639 patenti
1372 1598 1390 1633 ‚

193 1662 255 1727 si
316 1670 537 1726 tamen
602 1657 799 1741 digne
864 1662 1086 1741 petat,
1175 1660 1277 1718 est
1320 1653 1457 1717 fre·

935 1756 1155 1840 quenti

518 1863 813 1948 supplice
860 1862 1077 1949 digna.

193 2055 400 2121 Flore
457 2055 576 2118 sub
619 2052 831 2136 primo
877 2057 1124 2114 tenerae
1160 2048 1458 2131 juventae

193 2157 287 2222 de
311 2174 490 2220 novo
521 2155 729 2218 factus
767 2151 1008 2233 senior,
1053 2162 1325 2233 repente
1375 2149 1455 2212 10

191 2261 345 2326 luce
389 2259 698 2322 virtutum
746 2256 904 2319 satis
950 2254 1255 2318 evidente

520 2360 797 2424 enituisti
817 2406 836 2442 ‚

196 2528 368 2593 Dum
431 2545 640 2610 genus
707 2525 951 2591 celsum
1009 2524 1460 2605 celebremque

938 2625 1208 2699 fundum

190 2736 385 2821 jussa
401 2742 818 2799 contemnens
832 2731 1072 2796 domini
1089 2729 1458 2806 seeundum,

198 2841 366 2904 mira
411 2854 542 2918 res,
587 2834 824 2902 mundo
870 2834 1239 2919 superando
1277 2852 1459 2898 mun-

935 2938 1084 3003 dum
1376 2939 1455 2999 15

521 3051 713 3125 terga
757 3039 1011 3105 dedisti.

1561 846 1659 913 Tu
1703 863 1923 912 eomes
1970 866 2166 911 verus
2213 846 2452 911 domini
2496 847 2813 931 sequelae,

1562 951 1671 1033 qui
1716 950 1909 1015 dator
1951 950 2177 1014 reddis
2216 951 2449 1015 celeris
2493 952 2769 1017 medelae

1560 1053 1863 1118 luminum
1911 1052 2106 1118 oaeois
2152 1051 2351 1118 decus
2397 1061 2465 1127 et
2506 1053 2788 1137 loquelae

1874 1175 2140 1220 munera
2173 1156 2380 1221 mutis.
2730 1158 2815 1221 20

1563 1371 1660 1437 Tu
1702 1372 1816 1456 pio
1863 1372 2181 1437 transfers
2229 1372 2442 1437 animo
2486 1375 2728 1458 petitus

1558 1474 1918 1558 naufragas
1961 1481 2211 1538 mentes
2257 1474 2479 1558 opifex
2521 1477 2771 1560 peritus

1561 1576 1745 1658 pacis
1791 1575 1876 1640 ad
1918 1584 2175 1659 portum
2222 1577 2561 1659 veniaeqne
2609 1578 2787 1642 littus

1873 1696 2035 1741 aura
2079 1676 2320 1742 salutis.

1561 1892 1729 1958 Hinc
1775 1891 1947 1976 quod
2004 1901 2074 1961 ut
2118 1902 2380 1959 sanetus
2424 1897 2654 1960 merito
2702 1916 2816 1964 oo-

2289 1997 2484 2082 laris,
2729 2001 2814 2065 25

1564 2100 1741 2183 quod
1806 2099 1930 2165 deo
1995 2100 2227 2183 dignus
2283 2101 2458 2184 quod
2521 2109 2588 2167 et
2631 2121 2815 2170 asse·

2291 2207 2530 2288 quaris,

1564 2309 1868 2393 quicquid
1925 2308 2249 2373 excelsum
2297 2307 2616 2374 dominum
2659 2330 2814 2394 pre-

2314 2414 2517 2495 caris,

1881 2513 2087 2581 claret
2131 2514 2385 2598 ubique.

1562 2731 1746 2816 Ergo
1793 2752 1916 2818 pro
1963 2736 2183 2815 nobis,
2228 2735 2337 2819 pie
2382 2742 2628 2818 pastor,
2678 2752 2817 2815 ora,

1564 2852 1685 2898 nos
1725 2842 1797 2899 ut
1840 2844 2133 2900 extrema
2177 2836 2380 2901 facias
2423 2837 2491 2901 in
2521 2836 2686 2901 hora
2732 2837 2817 2903 30

1563 2936 1830 3003 horrida
1876 2938 2071 3021 longe
2116 2940 2366 3023 positos
2413 2941 2496 3004 ab
2541 2939 2660 3009 or&

1873 3043 2081 3124 partis
2125 3042 2383 3125 iniquoe.

385 3231 482 3288 11⁸.
517 3229 623 3287 No.
662 3228 853 3297 108,b.
906 3244 977 3283 zu
1010 3227 1364 3298 Luxembnrg
1384 3268 1401 3295 ‚
1465 3230 1533 3281 12
1569 3228 1768 3283 Jahrb.
1861 3228 1976 3283 Das
2024 3227 2160 3282 Lied
2216 3228 2292 3284 ist
2335 3243 2447 3283 von
2486 3228 2665 3285 Guido
2701 3244 2817 3297 von

206 3319 521 3386 Ramnes,
557 3316 659 3372 der
698 3316 859 3373 datin
898 3314 1003 3368 den
1038 3313 1197 3369 Reim
1229 3315 1331 3370 mit
1365 3314 1489 3369 dem
1523 3316 1762 3373 Mettum
1799 3316 2084 3387 vereinigt
2118 3315 2233 3373 hat.

387 3444 474 3497 13.
532 3444 616 3497 14.
679 3441 783 3497 Die
839 3439 1238 3496 Consti-action
1291 3439 1392 3496 ist:
1467 3440 1595 3496 dum
1643 3440 1943 3496 seeundum
1980 3442 2149 3516 jussa
2205 3441 2412 3498 domini
2462 3447 2818 3505 contemnens

209 3545 393 3602 genus
430 3527 642 3583 celsum
680 3532 784 3582 ete.
856 3528 924 3581 31
963 3526 1137 3594 horn,
1173 3524 1270 3580 Hs.

1108 3846 1277 3919 760.
1348 3846 1465 3919 De
1508 3872 1564 3917 s.
1616 3846 1950 3947 Aegidio.

216 4075 538 4154 Quantum
587 4073 811 4157 decet,
858 4083 1163 4158 quantum
1207 4075 1412 4156 valet,

212 4185 455 4262 quanto
501 4179 608 4243 dei
655 4179 799 4243 zelo
845 4179 1015 4244 calet

296 4288 571 4347 caterva
616 4280 933 4363 fidelium,

212 4382 408 4466 digna
456 4381 651 4447 laude
697 4391 1078 4466 veneretur,

213 4487 310 4551 eui
358 4485 561 4569 digna
604 4486 746 4551 lans
795 4486 1104 4569 debetur,

295 4591 558 4654 beatum
603 4585 972 4672 Aegidium.

1569 4077 1695 4143 Hie
1736 4073 2020 4142 Athenis
2065 4078 2404 4157 oriundus,

1572 4180 1785 4246 adhuc
1833 4200 1980 4245 aevo
2026 4188 2211 4245 tener
2255 4179 2527 4245 mundns

1656 4304 1695 4347 a
1737 4282 1954 4348 muudi
1999 4282 2298 4366 lascivia,

1576 4385 1729 4449 vicit
1776 4402 1937 4468 opes
1983 4384 2361 4466 virtutibus,
2739 4385 2815 4448 10

1427 4487 1466 4547 5
1574 4504 1782 4568 genus
1826 4487 2109 4551 excessit
2155 4488 2465 4571 moribus,

1663 4596 1921 4654 aetatem
1967 4588 2254 4655 scientia,
