3175 5234
2618 314 2761 383 197

133 487 334 554 Potes
379 490 549 553 enim
593 492 943 576 impetrare
1492 512 1603 576 fac
1644 528 1768 578 nos
1811 530 1976 596 ergo
2022 532 2431 601 conregnare

7 642 8 677 ᾖ
133 590 445 674 quidquid
491 593 620 674 vis,
665 596 981 678 nobisque
1028 595 1188 663 dare
1494 620 1689 697 atque
1735 623 1948 681 tecum
1996 620 2437 703 contemplare

216 715 343 779 per
391 705 566 762 tuam
612 708 903 766 sanctam
949 699 1176 767 filiam:
1305 708 1387 769 15
1583 714 1868 780 coelestis
1912 717 2137 803 templi
2181 720 2476 802 gloriam.

312 879 725 955 Strassbnrger
762 886 853 941 Hs.
893 887 954 944 E.
993 892 1116 947 135.
1150 892 1236 948 Bl.
1275 896 1360 951 78.
1398 897 1498 954 des
1536 902 1605 955 15
1641 902 1835 959 Jahrb.

318 1006 390 1057 12
429 1004 544 1059 loci
579 1002 844 1077 ssumIniz,
881 1010 978 1065 Rs.

1102 1333 1275 1408 802.
1351 1324 1475 1414 De
1524 1339 1788 1414 eedem.

139 1555 364 1639 Anna,
410 1571 619 1630 mater
665 1585 1024 1654 generosa,
1493 1578 1585 1643 sis
1628 1596 1751 1663 pro
1795 1581 1983 1646 nobis
2029 1601 2290 1667 semper
2332 1586 2443 1669 pia
2663 1589 2747 1652 15

217 1663 328 1729 diu
377 1667 566 1749 prole
613 1672 904 1755 caruisti,
1575 1689 1643 1752 in
1687 1690 1992 1754 extremis
2037 1693 2263 1757 mortis
2307 1691 2505 1760 horis.

136 1765 246 1829 sed
291 1769 621 1849 procesdt
667 1790 752 1835 ex
797 1781 863 1836 te
905 1793 1060 1840 rosa
1794 1856 1800 1861 ,

213 1869 393 1934 unde
440 1873 734 1954 gaudens
781 1879 1071 1945 extitisti.
1488 1873 1685 1941 Anna
1728 1885 1935 1942 mater
1978 1879 2184 1962 prolis
2230 1879 2448 1964 dignae

1578 1979 1922 2060 utrobique
1966 1988 2352 2062 veneretur,

130 2055 371 2125 Rosam
417 2079 655 2128 novam
702 2073 770 2130 et
814 2079 1176 2154 recentem,
1340 2077 1381 2138 5
1489 2080 1756 2164 dignum
1801 2089 2056 2147 constet
2104 2091 2171 2147 et
2212 2084 2496 2166 insigne,

207 2162 416 2230 Anna
461 2176 719 2252 sancta,
763 2175 1114 2257 peperisti,
1574 2191 1646 2246 ut
1687 2183 1829 2247 laus
1872 2182 1969 2246 illi
2009 2202 2270 2266 semper
2315 2183 2519 2250 detur.
2654 2188 2739 2252 20

125 2264 354 2330 florem
399 2288 630 2352 purum
675 2279 744 2336 et
785 2272 1129 2340 decentem
1315 2340 1323 2348 .

207 2376 282 2433 tu
327 2370 394 2432 in
441 2372 742 2438 mundum
785 2378 1145 2459 protulisti
1486 2369 1585 2437 Ob
1631 2371 1947 2438 honorem
1990 2375 2215 2438 maffiss
2262 2374 2372 2440 dei

1574 2473 1721 2557 ejus
1766 2481 2036 2540 matrem
2080 2494 2501 2560 veneremur,

124 2556 306 2624 Rosa
348 2578 620 2646 recens,
666 2563 790 2629 flos
836 2565 1126 2653 decoris,
1485 2584 1555 2641 ut
1599 2576 1666 2641 in
1713 2577 1879 2642 coelo
1925 2579 2174 2662 requiei

209 2660 368 2726 audi
411 2681 647 2745 preces
689 2667 1101 2754 miserorum,
1299 2674 1379 2739 10
1572 2680 2095 2748 commendemur
2139 2690 2207 2748 et
2251 2682 2546 2751 ditemur.

125 2765 189 2829 in
233 2767 572 2843 tormentis
616 2788 700 2834 ne
744 2774 1041 2838 moeroris

210 2869 574 2934 cruciemur
621 2872 1033 2941 infernorum,
1483 2864 1718 2935 Ambae
1742 2879 2004 2944 ‚matres
2048 2893 2284 2957 preces
2313 2875 2602 2961 fundant,
2648 2879 2732 2942 25

1567 2978 1641 3035 ut
1683 2992 1723 3036 a
1767 2972 1952 3037 malis
2000 2993 2301 3040 eruamur
2325 3026 2343 3055 ,

121 3058 376 3125 Nomen
422 3060 602 3125 floris
649 3072 751 3128 est
794 3064 1039 3148 Maria,
1481 3073 1594 3139 ubi
1633 3074 1806 3139 laetae
1851 3093 2111 3159 semper
2155 3085 2465 3161 regnant,

205 3169 423 3227 mater
469 3161 711 3229 Christi
757 3166 1132 3250 salvatoris,
1571 3176 1728 3242 illuc
1772 3196 1892 3243 nos
1939 3187 2006 3243 et
2050 3180 2497 3263 perducamur.

301 3347 717 3420 Strassburger
750 3350 845 3406 ns.
881 3349 944 3407 Ε.
985 3353 1103 3406 135.
1141 3352 1230 3407 Bl.
1267 3356 1354 3409 79.

293 3473 369 3524 25
405 3471 591 3541 ambo,
627 3473 724 3528 Hs.
803 3476 874 3527 27
912 3475 1129 3546 ubique,
1165 3477 1262 3532 Hs.

1054 3852 1226 3926 803.
1290 3851 1407 3924 De
1462 3878 1515 3923 s.
1570 3855 1804 3929 Anna.

116 4090 377 4157 Assnnt
419 4090 639 4158 Annae
683 4097 1051 4179 sollemnia,
1477 4101 1689 4165 Maria
1734 4103 1884 4168 hinc
1929 4104 2298 4186 egreditur,

116 4194 260 4259 haec
310 4196 503 4259 nobis
551 4195 708 4260 dant
752 4198 1012 4281 solatia,
1479 4205 1717 4270 mundo
1765 4207 1941 4271 salus
1989 4208 2358 4290 porrigitur.

112 4316 262 4360 nam
315 4296 505 4359 nobis
554 4296 700 4380 ejus
748 4298 880 4363 filia

113 4400 340 4464 inclita
388 4400 535 4464 tulit
579 4402 838 4484 gaudia.
1160 4456 1168 4465 .
1481 4388 1699 4456 Anssae
1744 4400 1898 4456 ssata
1942 4393 2233 4475 eligitur,

1479 4494 1650 4559 hanc
1695 4495 1967 4577 angelus
2015 4496 2393 4582 alloquitur,
2649 4501 2732 4566 10

113 4585 334 4655 Alvus
380 4587 600 4656 Annae
649 4591 1079 4674 concluditur,
1334 4598 1372 4658 5
1479 4596 1701 4662 divina
1744 4618 1854 4663 res
1899 4598 2254 4664 infunditur

112 4691 426 4760 divinitus
472 4694 593 4760 sed
635 4695 939 4778 solvitur,
1480 4699 1664 4766 Iesus
1710 4703 1988 4786 posthac
2031 4705 2338 4771 nascitur.
