<?xml version="1.0" encoding="UTF-8"?>
<!DOCTYPE html PUBLIC "-//W3C//DTD XHTML 1.0 Transitional//EN"
    "http://www.w3.org/TR/xhtml1/DTD/xhtml1-transitional.dtd">
<html xmlns="http://www.w3.org/1999/xhtml" xml:lang="en" lang="en">
 <head>
  <title>
</title>
<meta http-equiv="Content-Type" content="text/html;charset=utf-8" />
  <meta name='ocr-system' content='tesseract 3.04.00' />
  <meta name='ocr-capabilities' content='ocr_page ocr_carea ocr_par ocr_line ocrx_word'/>
</head>
<body>
  <div class='ocr_page' id='page_1' title='image "./lateinischehymn04monegoog_0216.png"; bbox 0 0 3175 5234; ppageno 0'>
   <div class='ocr_carea' id='block_1_1' title="bbox 405 281 537 345">
    <p class='ocr_par' dir='ltr' id='par_1_1' title="bbox 405 281 537 345">
     <span class='ocr_line' id='line_1_1' title="bbox 405 281 537 345; baseline -0.015 0"><span class='ocrx_word' id='word_1_1' title='bbox 405 281 537 345; x_wconf 66' lang='lat'><strong>174</strong></span> 
     </span>
    </p>
   </div>
   <div class='ocr_carea' id='block_1_2' title="bbox 385 461 3022 1558">
    <p class='ocr_par' dir='ltr' id='par_1_2' title="bbox 385 461 3022 1558">
     <span class='ocr_line' id='line_1_2' title="bbox 396 461 2435 531; baseline -0.003 0"><span class='ocrx_word' id='word_1_2' title='bbox 396 468 455 531; x_wconf 79' lang='lat'><strong>3.</strong></span> <span class='ocrx_word' id='word_1_3' title='bbox 516 465 755 530; x_wconf 87' lang='lat' dir='ltr'><strong>Nervis</strong></span> <span class='ocrx_word' id='word_1_4' title='bbox 800 472 902 529; x_wconf 84' lang='lat' dir='ltr'><strong>est</strong></span> <span class='ocrx_word' id='word_1_5' title='bbox 947 480 1157 529; x_wconf 81' lang='lat' dir='ltr'><strong>oaesus</strong></span> <span class='ocrx_word' id='word_1_6' title='bbox 1886 481 2007 523; x_wconf 86' lang='lat' dir='ltr'><strong>rex</strong></span> <span class='ocrx_word' id='word_1_7' title='bbox 2053 461 2435 525; x_wconf 82' lang='lat' dir='ltr'><strong>tirunculum</strong></span> 
     </span>
     <span class='ocr_line' id='line_1_3' title="bbox 523 562 2654 651; baseline -0.004 -17"><span class='ocrx_word' id='word_1_8' title='bbox 523 578 716 651; x_wconf 88' lang='lat' dir='ltr'><strong>atque</strong></span> <span class='ocrx_word' id='word_1_9' title='bbox 763 566 1101 650; x_wconf 77' lang='lat' dir='ltr'><strong>quatriduo</strong></span> <span class='ocrx_word' id='word_1_10' title='bbox 1886 563 2153 626; x_wconf 83' lang='lat' dir='ltr'><strong>assumit</strong></span> <span class='ocrx_word' id='word_1_11' title='bbox 2197 562 2654 628; x_wconf 86' lang='lat' dir='ltr'><strong>coronandum.</strong></span> 
     </span>
     <span class='ocr_line' id='line_1_4' title="bbox 527 671 2400 787; baseline -0.001 -23"><span class='ocrx_word' id='word_1_12' title='bbox 527 673 666 735; x_wconf 56' lang='lat'><strong>⁸5⁰0</strong></span> <span class='ocrx_word' id='word_1_13' title='bbox 712 671 873 787; x_wconf 45' lang='lat' dir='ltr'><strong>cibis</strong></span> <span class='ocrx_word' id='word_1_14' title='bbox 1884 696 2137 762; x_wconf 82' lang='lat' dir='ltr'><strong>Gaudet</strong></span> <span class='ocrx_word' id='word_1_15' title='bbox 2187 699 2400 763; x_wconf 83' lang='lat' dir='ltr'><strong>anima</strong></span> 
     </span>
     <span class='ocr_line' id='line_1_5' title="bbox 523 780 3019 885; baseline -0.003 -47"><span class='ocrx_word' id='word_1_16' title='bbox 523 791 774 839; x_wconf 78' lang='lat' dir='ltr'><strong>carceri</strong></span> <span class='ocrx_word' id='word_1_17' title='bbox 820 780 1051 836; x_wconf 78' lang='lat' dir='ltr'><strong>trusus,</strong></span> <span class='ocrx_word' id='word_1_18' title='bbox 1883 801 2137 884; x_wconf 64' lang='lat' dir='ltr'><strong>superis</strong></span> <span class='ocrx_word' id='word_1_19' title='bbox 2172 802 2437 885; x_wconf 57' lang='lat' dir='ltr'><strong>juncta,</strong></span> <span class='ocrx_word' id='word_1_20' title='bbox 2926 805 3019 867; x_wconf 77' lang='lat'><strong>30</strong></span> 
     </span>
     <span class='ocr_line' id='line_1_6' title="bbox 521 903 2460 995; baseline -0.004 -19"><span class='ocrx_word' id='word_1_21' title='bbox 521 910 736 995; x_wconf 82' lang='lat' dir='ltr'><strong>Caput</strong></span> <span class='ocrx_word' id='word_1_22' title='bbox 781 910 862 975; x_wconf 87' lang='lat' dir='ltr'><strong>de</strong></span> <span class='ocrx_word' id='word_1_23' title='bbox 907 911 1132 993; x_wconf 87' lang='lat' dir='ltr'><strong>prunis</strong></span> <span class='ocrx_word' id='word_1_24' title='bbox 1565 908 1645 969; x_wconf 88' lang='grc'><strong>15</strong></span> <span class='ocrx_word' id='word_1_25' title='bbox 1884 922 2154 986; x_wconf 89' lang='lat' dir='ltr'><strong>quorum</strong></span> <span class='ocrx_word' id='word_1_26' title='bbox 2202 903 2460 969; x_wconf 87' lang='lat' dir='ltr'><strong>domino</strong></span> 
     </span>
     <span class='ocr_line' id='line_1_7' title="bbox 520 1008 2635 1091; baseline -0.002 -15"><span class='ocrx_word' id='word_1_27' title='bbox 520 1013 756 1091; x_wconf 86' lang='lat' dir='ltr'><strong>uritur,</strong></span> <span class='ocrx_word' id='word_1_28' title='bbox 803 1009 1031 1075; x_wconf 81' lang='lat' dir='ltr'><strong>calidis</strong></span> <span class='ocrx_word' id='word_1_29' title='bbox 1883 1025 2059 1070; x_wconf 87' lang='lat' dir='ltr'><strong>mors</strong></span> <span class='ocrx_word' id='word_1_30' title='bbox 2106 1014 2286 1071; x_wconf 85' lang='lat' dir='ltr'><strong>extat</strong></span> <span class='ocrx_word' id='word_1_31' title='bbox 2328 1008 2635 1090; x_wconf 87' lang='lat' dir='ltr'><strong>pretiosa.</strong></span> 
     </span>
     <span class='ocr_line' id='line_1_8' title="bbox 527 1111 1017 1192; baseline 0 -19"><span class='ocrx_word' id='word_1_32' title='bbox 527 1120 757 1176; x_wconf 87' lang='lat' dir='ltr'><strong>venter</strong></span> <span class='ocrx_word' id='word_1_33' title='bbox 803 1111 1017 1192; x_wconf 88' lang='lat' dir='ltr'><strong>aquis,</strong></span> 
     </span>
     <span class='ocr_line' id='line_1_9' title="bbox 521 1211 2326 1298; baseline 0.003 -19"><span class='ocrx_word' id='word_1_34' title='bbox 521 1222 776 1298; x_wconf 81' lang='lat' dir='ltr'><strong>tergum</strong></span> <span class='ocrx_word' id='word_1_35' title='bbox 820 1215 920 1277; x_wconf 90' lang='lat' dir='ltr'><strong>bis</strong></span> <span class='ocrx_word' id='word_1_36' title='bbox 958 1211 1200 1294; x_wconf 80' lang='lat' dir='ltr'><strong>flagris.</strong></span> <span class='ocrx_word' id='word_1_37' title='bbox 1752 1223 1812 1285; x_wconf 83' lang='lat'><strong>6.</strong></span> <span class='ocrx_word' id='word_1_38' title='bbox 1877 1219 1998 1297; x_wconf 83' lang='lat' dir='ltr'><strong>Qui</strong></span> <span class='ocrx_word' id='word_1_39' title='bbox 2042 1237 2162 1283; x_wconf 84' lang='lat' dir='ltr'><strong>nos</strong></span> <span class='ocrx_word' id='word_1_40' title='bbox 2208 1238 2326 1284; x_wconf 87' lang='lat' dir='ltr'><strong>suo</strong></span> 
     </span>
     <span class='ocr_line' id='line_1_10' title="bbox 979 1321 2428 1405; baseline -0.001 -17"><span class='ocrx_word' id='word_1_41' title='bbox 979 1374 993 1388; x_wconf 89' lang='lat'><strong>.</strong></span> <span class='ocrx_word' id='word_1_42' title='bbox 1882 1321 2116 1405; x_wconf 80' lang='lat' dir='ltr'><strong>dignos</strong></span> <span class='ocrx_word' id='word_1_43' title='bbox 2161 1324 2428 1387; x_wconf 87' lang='lat' dir='ltr'><strong>servitio</strong></span> 
     </span>
     <span class='ocr_line' id='line_1_11' title="bbox 385 1377 3022 1492; baseline -0.002 -52"><span class='ocrx_word' id='word_1_44' title='bbox 385 1380 448 1443; x_wconf 78' lang='lat'><strong>4.</strong></span> <span class='ocrx_word' id='word_1_45' title='bbox 510 1377 783 1441; x_wconf 86' lang='lat' dir='ltr'><strong>Inverso</strong></span> <span class='ocrx_word' id='word_1_46' title='bbox 828 1382 1077 1439; x_wconf 75' lang='lat' dir='ltr'><strong>vertice</strong></span> <span class='ocrx_word' id='word_1_47' title='bbox 1884 1434 1955 1490; x_wconf 64' lang='lat' dir='ltr'><strong>ut</strong></span> <span class='ocrx_word' id='word_1_48' title='bbox 2000 1424 2243 1490; x_wconf 63' lang='lat' dir='ltr'><strong>efficiat</strong></span> <span class='ocrx_word' id='word_1_49' title='bbox 2927 1431 3022 1492; x_wconf 76' lang='lat'><strong>35</strong></span> 
     </span>
     <span class='ocr_line' id='line_1_12' title="bbox 518 1477 1640 1558; baseline -0.006 -13"><span class='ocrx_word' id='word_1_50' title='bbox 518 1480 834 1545; x_wconf 85' lang='lat' dir='ltr'><strong>distentus</strong></span> <span class='ocrx_word' id='word_1_51' title='bbox 879 1478 1226 1558; x_wconf 73' lang='lat' dir='ltr'><strong>fumigatur</strong></span> <span class='ocrx_word' id='word_1_52' title='bbox 1554 1477 1640 1539; x_wconf 87' lang='lat'><strong>20</strong></span> 
     </span>
    </p>
   </div>
   <div class='ocr_carea' id='block_1_3' title="bbox 1881 1533 2386 1616">
    <p class='ocr_par' dir='ltr' id='par_1_3' title="bbox 1881 1533 2386 1616">
     <span class='ocr_line' id='line_1_13' title="bbox 1881 1533 2386 1616; baseline -0.004 -18"><span class='ocrx_word' id='word_1_53' title='bbox 1881 1533 2045 1598; x_wconf 88' lang='lat' dir='ltr'><strong>deus</strong></span> <span class='ocrx_word' id='word_1_54' title='bbox 2091 1536 2175 1598; x_wconf 88' lang='lat' dir='ltr'><strong>ab</strong></span> <span class='ocrx_word' id='word_1_55' title='bbox 2221 1534 2354 1597; x_wconf 90' lang='lat' dir='ltr'><strong>alto</strong></span> <span class='ocrx_word' id='word_1_56' title='bbox 2369 1581 2386 1616; x_wconf 90' lang='lat'>‚</span> 
     </span>
    </p>
   </div>
   <div class='ocr_carea' id='block_1_4' title="bbox 1866 1671 2409 1961">
    <p class='ocr_par' dir='ltr' id='par_1_4' title="bbox 1866 1671 2409 1961">
     <span class='ocr_line' id='line_1_14' title="bbox 1878 1671 2407 1754; baseline -0.004 -18"><span class='ocrx_word' id='word_1_57' title='bbox 1878 1671 2137 1754; x_wconf 84' lang='lat' dir='ltr'><strong>Martyr</strong></span> <span class='ocrx_word' id='word_1_58' title='bbox 2184 1679 2407 1736; x_wconf 85' lang='lat' dir='ltr'><strong>sancte</strong></span> 
     </span>
     <span class='ocr_line' id='line_1_15' title="bbox 1879 1774 2409 1857; baseline 0.002 -20"><span class='ocrx_word' id='word_1_59' title='bbox 1879 1774 2169 1857; x_wconf 80' lang='lat' dir='ltr'><strong>digneris</strong></span> <span class='ocrx_word' id='word_1_60' title='bbox 2214 1775 2409 1838; x_wconf 88' lang='lat' dir='ltr'><strong>hodie</strong></span> 
     </span>
     <span class='ocr_line' id='line_1_16' title="bbox 1866 1879 2314 1961; baseline 0.007 -21"><span class='ocrx_word' id='word_1_61' title='bbox 1866 1896 1989 1961; x_wconf 87' lang='lat' dir='ltr'><strong>pro</strong></span> <span class='ocrx_word' id='word_1_62' title='bbox 2035 1879 2314 1943; x_wconf 86' lang='lat' dir='ltr'><strong>servulis</strong></span> 
     </span>
    </p>
   </div>
   <div class='ocr_carea' id='block_1_5' title="bbox 516 1583 1043 1664">
    <p class='ocr_par' dir='ltr' id='par_1_5' title="bbox 516 1583 1043 1664">
     <span class='ocr_line' id='line_1_17' title="bbox 516 1583 1043 1664; baseline -0.004 -18"><span class='ocrx_word' id='word_1_63' title='bbox 516 1585 827 1648; x_wconf 85' lang='lat' dir='ltr'><strong>stercoris</strong></span> <span class='ocrx_word' id='word_1_64' title='bbox 872 1583 1043 1664; x_wconf 79' lang='lat' dir='ltr'><strong>igne.</strong></span> 
     </span>
    </p>
   </div>
   <div class='ocr_carea' id='block_1_6' title="bbox 511 1721 1388 1907">
    <p class='ocr_par' dir='ltr' id='par_1_6' title="bbox 511 1721 1388 1907">
     <span class='ocr_line' id='line_1_18' title="bbox 514 1721 1109 1802; baseline -0.007 -15"><span class='ocrx_word' id='word_1_65' title='bbox 514 1723 754 1787; x_wconf 87' lang='lat' dir='ltr'><strong>Bestiis</strong></span> <span class='ocrx_word' id='word_1_66' title='bbox 801 1721 1073 1786; x_wconf 81' lang='lat' dir='ltr'><strong>traditur</strong></span> <span class='ocrx_word' id='word_1_67' title='bbox 1092 1768 1109 1802; x_wconf 87' lang='lat'>,</span> 
     </span>
     <span class='ocr_line' id='line_1_19' title="bbox 511 1822 1388 1907; baseline -0.008 -14"><span class='ocrx_word' id='word_1_68' title='bbox 511 1827 788 1893; x_wconf 82' lang='lat' dir='ltr'><strong>maxillis</strong></span> <span class='ocrx_word' id='word_1_69' title='bbox 835 1825 1192 1907; x_wconf 31' lang='lat' dir='ltr'><strong>frangit-ur,</strong></span> <span class='ocrx_word' id='word_1_70' title='bbox 1238 1822 1388 1886; x_wconf 82' lang='lat' dir='ltr'><strong>hinc</strong></span> 
     </span>
    </p>
   </div>
   <div class='ocr_carea' id='block_1_7' title="bbox 376 1929 3005 2283">
    <p class='ocr_par' dir='ltr' id='par_1_7' title="bbox 376 1929 3005 2283">
     <span class='ocr_line' id='line_1_20' title="bbox 517 1929 3005 2066; baseline -0.003 -11"><span class='ocrx_word' id='word_1_71' title='bbox 517 1929 939 2013; x_wconf 42' lang='lat' dir='ltr'><strong>decapitatum</strong></span> <span class='ocrx_word' id='word_1_72' title='bbox 1876 1982 2160 2046; x_wconf 80' lang='lat' dir='ltr'><strong>clemens</strong></span> <span class='ocrx_word' id='word_1_73' title='bbox 2207 2000 2400 2047; x_wconf 83' lang='lat' dir='ltr'><strong>orare</strong></span> <span class='ocrx_word' id='word_1_74' title='bbox 2421 2032 2438 2066; x_wconf 87' lang='lat'><strong>,</strong></span> <span class='ocrx_word' id='word_1_75' title='bbox 2907 1984 3005 2048; x_wconf 83' lang='lat' dir='ltr'><strong>4o</strong></span> 
     </span>
     <span class='ocr_line' id='line_1_21' title="bbox 376 2089 1633 2179; baseline -0.008 -20"><span class='ocrx_word' id='word_1_76' title='bbox 376 2098 439 2160; x_wconf 83' lang='lat'><strong>5.</strong></span> <span class='ocrx_word' id='word_1_77' title='bbox 509 2094 729 2161; x_wconf 88' lang='lat' dir='ltr'><strong>Tantis</strong></span> <span class='ocrx_word' id='word_1_78' title='bbox 773 2095 1179 2179; x_wconf 81' lang='lat' dir='ltr'><strong>perfunctum</strong></span> <span class='ocrx_word' id='word_1_79' title='bbox 1548 2089 1633 2151; x_wconf 87' lang='grc'><strong>25</strong></span> 
     </span>
     <span class='ocr_line' id='line_1_22' title="bbox 379 2181 2648 2283; baseline -0.005 -18"><span class='ocrx_word' id='word_1_80' title='bbox 379 2262 384 2265; x_wconf 85' lang='grc'><strong>,</strong></span> <span class='ocrx_word' id='word_1_81' title='bbox 498 2200 716 2283; x_wconf 82' lang='lat' dir='ltr'><strong>plagis</strong></span> <span class='ocrx_word' id='word_1_82' title='bbox 764 2216 1046 2280; x_wconf 79' lang='lat' dir='ltr'><strong>agonum</strong></span> <span class='ocrx_word' id='word_1_83' title='bbox 1742 2189 1800 2250; x_wconf 80' lang='lat'><strong>⁷.</strong></span> <span class='ocrx_word' id='word_1_84' title='bbox 1863 2181 2138 2250; x_wconf 86' lang='lat' dir='ltr'><strong>Athleta</strong></span> <span class='ocrx_word' id='word_1_85' title='bbox 2181 2186 2359 2269; x_wconf 79' lang='lat' dir='ltr'><strong>regis</strong></span> <span class='ocrx_word' id='word_1_86' title='bbox 2405 2188 2648 2253; x_wconf 81' lang='lat' dir='ltr'><strong>summi.</strong></span> 
     </span>
    </p>
   </div>
   <div class='ocr_carea' id='block_1_8' title="bbox 374 2390 3006 2555">
    <p class='ocr_par' dir='ltr' id='par_1_8' title="bbox 374 2390 3006 2555">
     <span class='ocr_line' id='line_1_23' title="bbox 562 2390 3004 2466; baseline -0.001 -12"><span class='ocrx_word' id='word_1_87' title='bbox 562 2399 659 2455; x_wconf 83' lang='lat' dir='ltr'><strong>Hs.</strong></span> <span class='ocrx_word' id='word_1_88' title='bbox 694 2414 764 2451; x_wconf 79' lang='lat' dir='ltr'><strong>zu</strong></span> <span class='ocrx_word' id='word_1_89' title='bbox 799 2396 1090 2466; x_wconf 76' lang='lat' dir='ltr'><strong>stuttgart</strong></span> <span class='ocrx_word' id='word_1_90' title='bbox 1135 2392 1279 2448; x_wconf 88' lang='lat' dir='ltr'><strong>Bibl.</strong></span> <span class='ocrx_word' id='word_1_91' title='bbox 1326 2393 1432 2451; x_wconf 85' lang='lat' dir='ltr'><strong>No.</strong></span> <span class='ocrx_word' id='word_1_92' title='bbox 1467 2393 1556 2446; x_wconf 86' lang='lat'><strong>20.</strong></span> <span class='ocrx_word' id='word_1_93' title='bbox 1594 2390 1633 2447; x_wconf 86' lang='lat' dir='ltr'><strong>f.</strong></span> <span class='ocrx_word' id='word_1_94' title='bbox 1669 2394 1755 2447; x_wconf 76' lang='lat'><strong>67.</strong></span> <span class='ocrx_word' id='word_1_95' title='bbox 1791 2391 1890 2446; x_wconf 87' lang='lat' dir='ltr'><strong>mit</strong></span> <span class='ocrx_word' id='word_1_96' title='bbox 1925 2391 2200 2459; x_wconf 87' lang='lat' dir='ltr'><strong>Neumen‚</strong></span> <span class='ocrx_word' id='word_1_97' title='bbox 2257 2396 2326 2447; x_wconf 81' lang='lat'><strong>12</strong></span> <span class='ocrx_word' id='word_1_98' title='bbox 2361 2392 2558 2448; x_wconf 78' lang='lat' dir='ltr'><strong>Jahrb.</strong></span> <span class='ocrx_word' id='word_1_99' title='bbox 2617 2395 2729 2450; x_wconf 85' lang='lat' dir='ltr'><strong>und</strong></span> <span class='ocrx_word' id='word_1_100' title='bbox 2775 2395 2872 2451; x_wconf 79' lang='lat' dir='ltr'><strong>Hs.</strong></span> <span class='ocrx_word' id='word_1_101' title='bbox 2925 2412 3004 2451; x_wconf 76' lang='lat' dir='ltr'><strong>zu</strong></span> 
     </span>
     <span class='ocr_line' id='line_1_24' title="bbox 374 2478 3006 2555; baseline -0.002 -12"><span class='ocrx_word' id='word_1_102' title='bbox 374 2486 646 2543; x_wconf 70' lang='lat' dir='ltr'><strong>litinchen</strong></span> <span class='ocrx_word' id='word_1_103' title='bbox 697 2482 833 2540; x_wconf 80' lang='lat' dir='ltr'><strong>clm.</strong></span> <span class='ocrx_word' id='word_1_104' title='bbox 890 2482 1065 2535; x_wconf 83' lang='grc'>16119</span> <span class='ocrx_word' id='word_1_105' title='bbox 1119 2495 1206 2534; x_wconf 81' lang='lat' dir='ltr'><strong>am</strong></span> <span class='ocrx_word' id='word_1_106' title='bbox 1259 2479 1440 2547; x_wconf 77' lang='lat' dir='ltr'><strong>Eudo,</strong></span> <span class='ocrx_word' id='word_1_107' title='bbox 1493 2479 1594 2534; x_wconf 90' lang='lat' dir='ltr'><strong>mit</strong></span> <span class='ocrx_word' id='word_1_108' title='bbox 1639 2479 1914 2548; x_wconf 77' lang='lat' dir='ltr'><strong>Noumen,</strong></span> <span class='ocrx_word' id='word_1_109' title='bbox 1972 2481 2037 2532; x_wconf 87' lang='grc'><strong>11</strong></span> <span class='ocrx_word' id='word_1_110' title='bbox 2094 2478 2294 2535; x_wconf 77' lang='lat' dir='ltr'><strong>Jahrb.</strong></span> <span class='ocrx_word' id='word_1_111' title='bbox 2366 2480 2538 2536; x_wconf 79' lang='lat' dir='ltr'><strong>Beitle</strong></span> <span class='ocrx_word' id='word_1_112' title='bbox 2593 2482 2719 2539; x_wconf 73' lang='lat' dir='ltr'><strong>Hes.</strong></span> <span class='ocrx_word' id='word_1_113' title='bbox 2774 2481 3006 2555; x_wconf 79' lang='lat' dir='ltr'><strong>gleich-</strong></span> 
     </span>
    </p>
   </div>
   <div class='ocr_carea' id='block_1_9' title="bbox 375 2570 622 2628">
    <p class='ocr_par' dir='ltr' id='par_1_9' title="bbox 375 2570 622 2628">
     <span class='ocr_line' id='line_1_25' title="bbox 375 2570 622 2628; baseline -0.02 0"><span class='ocrx_word' id='word_1_114' title='bbox 375 2570 622 2628; x_wconf 81' lang='lat' dir='ltr'><strong>lautend.</strong></span> 
     </span>
    </p>
   </div>
   <div class='ocr_carea' id='block_1_10' title="bbox 543 2705 2762 2783">
    <p class='ocr_par' dir='ltr' id='par_1_10' title="bbox 543 2705 2762 2783">
     <span class='ocr_line' id='line_1_26' title="bbox 543 2705 2762 2783; baseline 0 -18"><span class='ocrx_word' id='word_1_115' title='bbox 543 2713 576 2764; x_wconf 86' lang='lat'>5</span> <span class='ocrx_word' id='word_1_116' title='bbox 613 2707 708 2764; x_wconf 80' lang='lat' dir='ltr'><strong>fiir</strong></span> <span class='ocrx_word' id='word_1_117' title='bbox 742 2708 1054 2779; x_wconf 81' lang='lat' dir='ltr'><strong>quindecim</strong></span> <span class='ocrx_word' id='word_1_118' title='bbox 1091 2723 1379 2762; x_wconf 87' lang='lat' dir='ltr'><strong>annorum.</strong></span> <span class='ocrx_word' id='word_1_119' title='bbox 1450 2710 1520 2763; x_wconf 86' lang='grc'><strong>35</strong></span> <span class='ocrx_word' id='word_1_120' title='bbox 1553 2707 1720 2777; x_wconf 71' lang='lat' dir='ltr'><strong>saciat</strong></span> <span class='ocrx_word' id='word_1_121' title='bbox 1752 2706 1829 2762; x_wconf 81' lang='lat' dir='ltr'><strong>ist</strong></span> <span class='ocrx_word' id='word_1_122' title='bbox 1863 2705 1958 2763; x_wconf 82' lang='lat' dir='ltr'><strong>fiir</strong></span> <span class='ocrx_word' id='word_1_123' title='bbox 1996 2708 2097 2762; x_wconf 81' lang='lat' dir='ltr'><strong>das</strong></span> <span class='ocrx_word' id='word_1_124' title='bbox 2134 2708 2431 2765; x_wconf 85' lang='lat' dir='ltr'><strong>Versmass</strong></span> <span class='ocrx_word' id='word_1_125' title='bbox 2470 2709 2762 2783; x_wconf 81' lang='lat' dir='ltr'><strong>riehtiger.</strong></span> 
     </span>
    </p>
   </div>
   <div class='ocr_carea' id='block_1_11' title="bbox 1051 3057 2271 3162">
    <p class='ocr_par' dir='ltr' id='par_1_11' title="bbox 1051 3057 2271 3162">
     <span class='ocr_line' id='line_1_27' title="bbox 1051 3057 2271 3162; baseline -0.003 -23"><span class='ocrx_word' id='word_1_126' title='bbox 1051 3066 1223 3139; x_wconf 80' lang='lat'><strong>769.</strong></span> <span class='ocrx_word' id='word_1_127' title='bbox 1286 3064 1372 3135; x_wconf 86' lang='lat' dir='ltr'><strong>In</strong></span> <span class='ocrx_word' id='word_1_128' title='bbox 1427 3064 1784 3135; x_wconf 76' lang='lat' dir='ltr'><strong>nativitate</strong></span> <span class='ocrx_word' id='word_1_129' title='bbox 1835 3087 1890 3133; x_wconf 87' lang='lat' dir='ltr'><strong>s.</strong></span> <span class='ocrx_word' id='word_1_130' title='bbox 1938 3057 2271 3162; x_wconf 64' lang='lat' dir='ltr'><strong>Agathan.</strong></span> 
     </span>
    </p>
   </div>
   <div class='ocr_carea' id='block_1_12' title="bbox 338 3300 2971 4630">
    <p class='ocr_par' dir='ltr' id='par_1_12' title="bbox 357 3300 2538 3388">
     <span class='ocr_line' id='line_1_28' title="bbox 357 3300 2538 3388; baseline -0.001 -19"><span class='ocrx_word' id='word_1_131' title='bbox 357 3301 648 3388; x_wconf 84' lang='lat' dir='ltr'><strong>Agathae</strong></span> <span class='ocrx_word' id='word_1_132' title='bbox 694 3324 903 3371; x_wconf 81' lang='lat' dir='ltr'><strong>saerae</strong></span> <span class='ocrx_word' id='word_1_133' title='bbox 946 3304 1217 3388; x_wconf 82' lang='lat' dir='ltr'><strong>virginis</strong></span> <span class='ocrx_word' id='word_1_134' title='bbox 1715 3300 1949 3366; x_wconf 87' lang='lat' dir='ltr'><strong>Statim</strong></span> <span class='ocrx_word' id='word_1_135' title='bbox 1996 3309 2222 3366; x_wconf 88' lang='lat' dir='ltr'><strong>assunt</strong></span> <span class='ocrx_word' id='word_1_136' title='bbox 2265 3301 2538 3368; x_wconf 87' lang='lat' dir='ltr'><strong>ministri</strong></span> 
     </span>
    </p>

    <p class='ocr_par' dir='ltr' id='par_1_13' title="bbox 356 3403 2670 3491">
     <span class='ocr_line' id='line_1_29' title="bbox 356 3403 2670 3491; baseline -0.002 -18"><span class='ocrx_word' id='word_1_137' title='bbox 356 3408 525 3473; x_wconf 89' lang='lat' dir='ltr'><strong>diem</strong></span> <span class='ocrx_word' id='word_1_138' title='bbox 571 3409 801 3474; x_wconf 78' lang='lat' dir='ltr'><strong>festum</strong></span> <span class='ocrx_word' id='word_1_139' title='bbox 850 3409 1148 3491; x_wconf 77' lang='lat' dir='ltr'><strong>colimuS,</strong></span> <span class='ocrx_word' id='word_1_140' title='bbox 1713 3404 1880 3489; x_wconf 75' lang='lat' dir='ltr'><strong>ejuS,</strong></span> <span class='ocrx_word' id='word_1_141' title='bbox 1929 3405 2037 3485; x_wconf 87' lang='lat' dir='ltr'><strong>qui</strong></span> <span class='ocrx_word' id='word_1_142' title='bbox 2083 3403 2331 3469; x_wconf 85' lang='lat' dir='ltr'><strong>vellent</strong></span> <span class='ocrx_word' id='word_1_143' title='bbox 2378 3403 2670 3487; x_wconf 85' lang='lat' dir='ltr'><strong>pandere</strong></span> 
     </span>
    </p>

    <p class='ocr_par' dir='ltr' id='par_1_14' title="bbox 348 3506 2971 3904">
     <span class='ocr_line' id='line_1_30' title="bbox 352 3506 2971 3593; baseline -0.002 -19"><span class='ocrx_word' id='word_1_144' title='bbox 352 3512 418 3575; x_wconf 88' lang='lat' dir='ltr'><strong>in</strong></span> <span class='ocrx_word' id='word_1_145' title='bbox 466 3528 594 3592; x_wconf 89' lang='lat' dir='ltr'><strong>quo</strong></span> <span class='ocrx_word' id='word_1_146' title='bbox 640 3511 898 3576; x_wconf 82' lang='lat' dir='ltr'><strong>devicto</strong></span> <span class='ocrx_word' id='word_1_147' title='bbox 944 3518 1222 3593; x_wconf 82' lang='lat' dir='ltr'><strong>tyranno</strong></span> <span class='ocrx_word' id='word_1_148' title='bbox 1710 3506 2090 3588; x_wconf 77' lang='lat' dir='ltr'><strong>religionem</strong></span> <span class='ocrx_word' id='word_1_149' title='bbox 2135 3506 2637 3589; x_wconf 82' lang='lat' dir='ltr'><strong>sanctissimam,</strong></span> <span class='ocrx_word' id='word_1_150' title='bbox 2883 3510 2971 3571; x_wconf 83' lang='lat'><strong>15</strong></span> 
     </span>
     <span class='ocr_line' id='line_1_31' title="bbox 349 3610 2576 3695; baseline 0 -22"><span class='ocrx_word' id='word_1_151' title='bbox 349 3612 630 3695; x_wconf 87' lang='lat' dir='ltr'><strong>palmam</strong></span> <span class='ocrx_word' id='word_1_152' title='bbox 676 3613 867 3676; x_wconf 88' lang='lat' dir='ltr'><strong>sumit</strong></span> <span class='ocrx_word' id='word_1_153' title='bbox 911 3613 1220 3695; x_wconf 88' lang='lat' dir='ltr'><strong>martyrii.</strong></span> <span class='ocrx_word' id='word_1_154' title='bbox 1711 3629 1899 3692; x_wconf 90' lang='lat' dir='ltr'><strong>quam</strong></span> <span class='ocrx_word' id='word_1_155' title='bbox 1944 3617 2121 3674; x_wconf 83' lang='lat' dir='ltr'><strong>tenet</strong></span> <span class='ocrx_word' id='word_1_156' title='bbox 2166 3612 2249 3675; x_wconf 88' lang='lat' dir='ltr'><strong>ab</strong></span> <span class='ocrx_word' id='word_1_157' title='bbox 2288 3610 2576 3675; x_wconf 84' lang='lat' dir='ltr'><strong>infantia.</strong></span> 
     </span>
     <span class='ocr_line' id='line_1_32' title="bbox 348 3819 2488 3904; baseline 0 -20"><span class='ocrx_word' id='word_1_158' title='bbox 348 3819 729 3898; x_wconf 77' lang='lat' dir='ltr'><strong>Quintianus</strong></span> <span class='ocrx_word' id='word_1_159' title='bbox 774 3829 1090 3904; x_wconf 86' lang='lat' dir='ltr'><strong>tyrannus</strong></span> <span class='ocrx_word' id='word_1_160' title='bbox 1560 3828 1601 3887; x_wconf 87' lang='lat'>5</span> <span class='ocrx_word' id='word_1_161' title='bbox 1705 3819 1864 3885; x_wconf 85' lang='lat' dir='ltr'><strong>sisti</strong></span> <span class='ocrx_word' id='word_1_162' title='bbox 1900 3823 2093 3904; x_wconf 85' lang='lat' dir='ltr'><strong>jubet</strong></span> <span class='ocrx_word' id='word_1_163' title='bbox 2138 3830 2488 3904; x_wconf 88' lang='lat' dir='ltr'><strong>martyrem</strong></span> 
     </span>
    </p>

    <p class='ocr_par' dir='ltr' id='par_1_15' title="bbox 347 3921 2344 4007">
     <span class='ocr_line' id='line_1_33' title="bbox 347 3921 2344 4007; baseline 0.001 -18"><span class='ocrx_word' id='word_1_164' title='bbox 347 3922 709 3989; x_wconf 75' lang='lat' dir='ltr'><strong>consularis</strong></span> <span class='ocrx_word' id='word_1_165' title='bbox 756 3921 997 3988; x_wconf 83' lang='lat' dir='ltr'><strong>Sieiliae</strong></span> <span class='ocrx_word' id='word_1_166' title='bbox 1704 3926 1837 3989; x_wconf 86' lang='lat' dir='ltr'><strong>suis</strong></span> <span class='ocrx_word' id='word_1_167' title='bbox 1882 3925 2307 3992; x_wconf 86' lang='lat' dir='ltr'><strong>tribunalibus</strong></span> <span class='ocrx_word' id='word_1_168' title='bbox 2325 3972 2344 4007; x_wconf 91' lang='lat'><strong><em>,</em></strong></span> 
     </span>
    </p>

    <p class='ocr_par' dir='ltr' id='par_1_16' title="bbox 345 4025 2525 4110">
     <span class='ocr_line' id='line_1_34' title="bbox 345 4025 2525 4110; baseline 0 -19"><span class='ocrx_word' id='word_1_169' title='bbox 345 4025 616 4091; x_wconf 89' lang='lat' dir='ltr'><strong>audiens</strong></span> <span class='ocrx_word' id='word_1_170' title='bbox 661 4025 900 4091; x_wconf 88' lang='lat' dir='ltr'><strong>famam</strong></span> <span class='ocrx_word' id='word_1_171' title='bbox 944 4027 1241 4110; x_wconf 72' lang='lat' dir='ltr'><strong>virginiS,</strong></span> <span class='ocrx_word' id='word_1_172' title='bbox 1703 4037 1770 4090; x_wconf 88' lang='lat' dir='ltr'><strong>et</strong></span> <span class='ocrx_word' id='word_1_173' title='bbox 1814 4045 1957 4089; x_wconf 87' lang='lat' dir='ltr'><strong>eam</strong></span> <span class='ocrx_word' id='word_1_174' title='bbox 2001 4027 2096 4090; x_wconf 84' lang='lat' dir='ltr'><strong>sio</strong></span> <span class='ocrx_word' id='word_1_175' title='bbox 2139 4027 2525 4109; x_wconf 89' lang='lat' dir='ltr'><strong>alloquitur,</strong></span> 
     </span>
    </p>

    <p class='ocr_par' dir='ltr' id='par_1_17' title="bbox 339 4125 2962 4529">
     <span class='ocr_line' id='line_1_35' title="bbox 344 4125 2962 4210; baseline 0.001 -19"><span class='ocrx_word' id='word_1_176' title='bbox 344 4127 621 4191; x_wconf 79' lang='lat' dir='ltr'><strong>fremere</strong></span> <span class='ocrx_word' id='word_1_177' title='bbox 667 4128 865 4210; x_wconf 85' lang='lat' dir='ltr'><strong>coepit</strong></span> <span class='ocrx_word' id='word_1_178' title='bbox 909 4127 1198 4210; x_wconf 86' lang='lat' dir='ltr'><strong>invidus,</strong></span> <span class='ocrx_word' id='word_1_179' title='bbox 1704 4136 1775 4193; x_wconf 88' lang='lat' dir='ltr'><strong>ut</strong></span> <span class='ocrx_word' id='word_1_180' title='bbox 1820 4125 1942 4191; x_wconf 85' lang='lat' dir='ltr'><strong>diis</strong></span> <span class='ocrx_word' id='word_1_181' title='bbox 1987 4129 2308 4192; x_wconf 82' lang='lat' dir='ltr'><strong>cervicem</strong></span> <span class='ocrx_word' id='word_1_182' title='bbox 2352 4128 2664 4192; x_wconf 76' lang='lat' dir='ltr'><strong>flecteret.</strong></span> <span class='ocrx_word' id='word_1_183' title='bbox 2872 4128 2962 4194; x_wconf 85' lang='lat'><strong>20</strong></span> 
     </span>
     <span class='ocr_line' id='line_1_36' title="bbox 340 4340 2718 4428; baseline 0.002 -23"><span class='ocrx_word' id='word_1_184' title='bbox 340 4340 657 4405; x_wconf 87' lang='lat' dir='ltr'><strong>Vitiorum</strong></span> <span class='ocrx_word' id='word_1_185' title='bbox 704 4340 1042 4404; x_wconf 83' lang='lat' dir='ltr'><strong>affectibus</strong></span> <span class='ocrx_word' id='word_1_186' title='bbox 1525 4376 1534 4383; x_wconf 96' lang='lat'><strong>·</strong></span> <span class='ocrx_word' id='word_1_187' title='bbox 1700 4342 1838 4409; x_wconf 89' lang='lat' dir='ltr'><strong>Sed</strong></span> <span class='ocrx_word' id='word_1_188' title='bbox 1883 4343 2031 4408; x_wconf 88' lang='lat' dir='ltr'><strong>dum</strong></span> <span class='ocrx_word' id='word_1_189' title='bbox 2074 4345 2166 4408; x_wconf 90' lang='lat' dir='ltr'><strong>nil</strong></span> <span class='ocrx_word' id='word_1_190' title='bbox 2208 4345 2389 4409; x_wconf 83' lang='lat' dir='ltr'><strong>valet</strong></span> <span class='ocrx_word' id='word_1_191' title='bbox 2429 4345 2718 4428; x_wconf 88' lang='lat' dir='ltr'><strong>insania,</strong></span> 
     </span>
     <span class='ocr_line' id='line_1_37' title="bbox 339 4443 2841 4529; baseline 0.001 -21"><span class='ocrx_word' id='word_1_192' title='bbox 339 4450 616 4508; x_wconf 88' lang='lat' dir='ltr'><strong>mentem</strong></span> <span class='ocrx_word' id='word_1_193' title='bbox 653 4445 939 4508; x_wconf 85' lang='lat' dir='ltr'><strong>vexabat</strong></span> <span class='ocrx_word' id='word_1_194' title='bbox 980 4443 1296 4527; x_wconf 84' lang='lat' dir='ltr'><strong>invidam,</strong></span> <span class='ocrx_word' id='word_1_195' title='bbox 1511 4448 1593 4509; x_wconf 90' lang='lat'><strong>10</strong></span> <span class='ocrx_word' id='word_1_196' title='bbox 1697 4447 1763 4509; x_wconf 92' lang='lat' dir='ltr'><strong>in</strong></span> <span class='ocrx_word' id='word_1_197' title='bbox 1808 4444 2082 4510; x_wconf 71' lang='lat' dir='ltr'><strong>mamma</strong></span> <span class='ocrx_word' id='word_1_198' title='bbox 2127 4453 2388 4528; x_wconf 91' lang='lat' dir='ltr'><strong>torquet</strong></span> <span class='ocrx_word' id='word_1_199' title='bbox 2429 4448 2752 4529; x_wconf 81' lang='lat' dir='ltr'><strong>virginem</strong></span> <span class='ocrx_word' id='word_1_200' title='bbox 2820 4468 2841 4489; x_wconf 74' lang='lat'><em>0</em></span> 
     </span>
    </p>

    <p class='ocr_par' dir='ltr' id='par_1_18' title="bbox 338 4545 2464 4630">
     <span class='ocr_line' id='line_1_38' title="bbox 338 4545 2464 4630; baseline 0 -19"><span class='ocrx_word' id='word_1_201' title='bbox 338 4554 410 4611; x_wconf 90' lang='lat' dir='ltr'><strong>ut</strong></span> <span class='ocrx_word' id='word_1_202' title='bbox 455 4547 581 4610; x_wconf 90' lang='lat' dir='ltr'><strong>deo</strong></span> <span class='ocrx_word' id='word_1_203' title='bbox 627 4545 905 4610; x_wconf 89' lang='lat' dir='ltr'><strong>dicatam</strong></span> <span class='ocrx_word' id='word_1_204' title='bbox 948 4547 1271 4630; x_wconf 81' lang='lat' dir='ltr'><strong>virginem</strong></span> <span class='ocrx_word' id='word_1_205' title='bbox 1699 4555 1766 4614; x_wconf 86' lang='lat' dir='ltr'><strong>et</strong></span> <span class='ocrx_word' id='word_1_206' title='bbox 1810 4557 2012 4613; x_wconf 88' lang='lat' dir='ltr'><strong>testas</strong></span> <span class='ocrx_word' id='word_1_207' title='bbox 2059 4550 2464 4614; x_wconf 81' lang='lat' dir='ltr'><strong>acutissimas</strong></span> 
     </span>
    </p>
   </div>
   <div class='ocr_carea' id='block_1_13' title="bbox 334 4636 2610 4737">
    <p class='ocr_par' dir='ltr' id='par_1_19' title="bbox 334 4636 2610 4737">
     <span class='ocr_line' id='line_1_39' title="bbox 334 4636 2610 4737; baseline 0.003 -25"><span class='ocrx_word' id='word_1_208' title='bbox 334 4648 566 4714; x_wconf 87' lang='lat' dir='ltr'><strong>rabido</strong></span> <span class='ocrx_word' id='word_1_209' title='bbox 613 4668 728 4714; x_wconf 88' lang='lat' dir='ltr'><strong>ore</strong></span> <span class='ocrx_word' id='word_1_210' title='bbox 771 4650 1138 4732; x_wconf 88' lang='lat' dir='ltr'><strong>perimeret.</strong></span> <span class='ocrx_word' id='word_1_211' title='bbox 1697 4654 1832 4735; x_wconf 79' lang='lat' dir='ltr'><strong>igni</strong></span> <span class='ocrx_word' id='word_1_212' title='bbox 1874 4671 2226 4718; x_wconf 83' lang='lat' dir='ltr'><strong>succensas</strong></span> <span class='ocrx_word' id='word_1_213' title='bbox 2275 4652 2572 4737; x_wconf 85' lang='lat' dir='ltr'><strong>adhibet,</strong></span> <span class='ocrx_word' id='word_1_214' title='bbox 2606 4636 2610 4640; x_wconf 16' lang='grc' dir='ltr'><strong>Α</strong></span> 
     </span>
    </p>
   </div>
  </div>
 </body>
</html>
