3175 5234
412 458 616 528 Salve
660 457 920 525 victima
962 459 1160 524 beata
1176 506 1195 541 ‚

412 565 483 629 in
526 579 761 630 eruore
797 567 1266 643 consummata,

415 668 694 752 petimus
738 663 1085 730 dilacerari

412 775 704 834 nostrum
748 783 987 852 corpus
1032 773 1101 830 et
1142 763 1366 830 trican‘
1586 763 1671 828 60

411 955 542 1021 Per
583 962 940 1039 puncturas
983 952 1094 1026 hic
1134 953 1429 1038 poenales
1440 1000 1460 1036 ,

412 1084 497 1129 ne
543 1080 663 1129 nos
706 1070 1002 1147 pungant
1043 1061 1423 1143 aeternales,

416 1174 486 1232 et
527 1167 594 1230 in
640 1165 841 1233 corde
885 1166 981 1231 sic
1024 1164 1399 1249 compungi,

413 1270 529 1338 tibi
574 1268 747 1354 quod
785 1270 1107 1354 possimus
1142 1267 1354 1350 jungi.

415 1460 618 1528 Salve
661 1466 914 1543 martyr
959 1465 1026 1521 et
1067 1455 1310 1540 invicta
1328 1503 1347 1538 ‚
1588 1454 1685 1554 65,

416 1561 661 1628 Christi
704 1576 948 1643 sponsa
990 1555 1366 1639 benedicta,

411 1675 479 1732 te
520 1671 787 1749 petente
830 1662 1019 1728 nobis
1063 1660 1280 1743 detur,

413 1776 486 1834 ut
533 1784 650 1834 cor
691 1774 982 1833 nostrum
1024 1765 1453 1865 inflammetur

410 1957 487 2024 Iu
532 1974 753 2022 amore
798 1974 1255 2040 supernorum,

378 2057 689 2126 ‘flammae
735 2076 993 2142 quoque
1036 2058 1338 2123 vitiorum
1583 2056 1668 2119 ‘10

413 2160 539 2224 tuis
582 2159 794 2224 servis
839 2159 1329 2240 extinguantur,

410 2264 521 2347 qui
563 2270 632 2328 te
675 2261 876 2329 corde
919 2269 1331 2328 venerantur.

411 2450 616 2517 Salve
659 2458 995 2533 constans,
1012 2508 1026 2524 ,
1043 2449 1333 2514 animosa

413 2556 482 2621 in
527 2562 901 2641 conspectu,
948 2556 1188 2620 rubens
1233 2570 1408 2635 rosa,

418 2657 528 2723 fac
569 2663 641 2722 ut
683 2655 1160 2722 salutifer-arum
1583 2657 1669 2718 75

414 2758 633 2844 plagis
676 2758 1198 2843 poenitentiarum

410 2948 488 3015 In
529 2948 655 3014 hac
698 2946 836 3012 vita
876 2947 1180 3014 feriamur

410 3069 535 3134 pro
579 3052 868 3135 peccatis
914 3058 981 3116 et
1024 3051 1427 3134 scindamur,

411 3163 484 3220 ut
525 3153 637 3220 hic
676 3154 1054 3240 poenitendo
1099 3156 1257 3221 caesi

410 3276 783 3324 maneamus
827 3267 981 3325 tunc
1022 3259 1228 3334 illaesi.
1578 3259 1666 3325 80

1775 452 1978 521 Salve
2020 454 2192 519 mitis
2234 459 2304 517 et
2346 459 2662 535 venusta,

1774 558 2078 643 simplex,
2120 557 2381 641 patiens
2429 563 2500 621 et
2534 556 2750 641 justa,

1774 661 1959 728 salve
2002 660 2229 725 mortis
2273 659 2680 744 superatrix,

1773 765 1963 831 nobis
2006 764 2099 829 sis
2148 762 2526 844 auxiliatrix
2613 805 2620 812 -

1760 949 1976 1040 'Apud
2020 952 2382 1035 Christum,
2423 953 2538 1037 qui
2582 958 2893 1024 tantorum
2928 950 2995 1016 8⁵
3094 980 3098 985 ·

1774 1059 1841 1123 in
1883 1059 2208 1143 pressuris
2253 1063 2721 1121 tormentorum

1775 1169 1842 1227 te
1887 1162 2262 1228 confortans
2306 1159 2606 1225 visitavit

1776 1284 1903 1350 pro
1948 1273 2014 1332 te
2059 1282 2317 1348 quoque
2363 1262 2716 1329 dimicavit.

1779 1453 1890 1522 sis
1932 1456 2000 1520 in
2044 1455 2465 1542 tribulatione

1776 1560 1966 1627 nobis
2011 1567 2317 1624 constans
2361 1567 2433 1624 et
2478 1567 2723 1643 agone,
2928 1548 2994 1613 90

1777 1661 2038 1747 quando
2083 1682 2302 1729 sumus
2345 1663 2650 1728 morituri

1776 1786 1862 1831 ex
1906 1765 2035 1830 hoc
2077 1766 2316 1831 mundo
2362 1762 2737 1845 transituri,

1774 1951 1863 2020 Ut
1906 1972 1946 2016 a
1990 1952 2179 2018 clade
2224 1952 2418 2017 malae
2462 1951 2692 2017 mortis

1776 2074 1897 2121 nos
1943 2054 2253 2120 defendat
2297 2055 2464 2121 deus
2509 2053 2697 2121 fortis

1774 2166 1844 2225 et
1888 2159 2210 2225 concedat
2251 2158 2452 2224 finem
2497 2161 2759 2236 bonum,
2926 2144 2990 2210 95

1774 2262 1949 2348 quod
1993 2272 2096 2328 est
2112 2252 2120 2261 ’
2138 2283 2338 2349 super
2384 2281 2580 2330 omne
2623 2260 2861 2326 donum.

1774 2450 1864 2519 Ut
1904 2460 2181 2537 peccata
2222 2451 2584 2519 defleamus

1773 2564 1843 2622 et
1886 2565 2038 2640 post
2076 2567 2287 2623 tecum
2332 2557 2766 2640 gaudeamus,

1774 2658 1987 2724 donec
2029 2665 2097 2723 te
2140 2660 2599 2742 patrocinante

1772 2764 1960 2829 nobis
2004 2772 2076 2828 et
2126 2764 2624 2848 interpellante,
2668 2750 2676 2758 ⁸
2888 2743 2990 2810 1⁰⁰

1774 2951 2097 3033 Quidquid
2132 2950 2315 3035 juste
2360 2952 2718 3035 rogitamus

1670 3124 1674 3130 ,
1774 3063 1887 3121 aut
1928 3073 2200 3121 necesse
2245 3055 2678 3139 postulamus,

1774 3166 1848 3222 ut
1889 3158 1957 3221 in
2001 3158 2251 3223 cunctis
2297 3156 2689 3241 adjuvamen

1774 3261 2032 3342 semper
2078 3259 2447 3323 sentiamus.
2513 3274 2715 3323 amen.

593 3437 689 3492 Hs.
739 3453 810 3491 zu
845 3433 1159 3504 Karlsruhe
1214 3453 1268 3495 o.
1302 3437 1408 3495 No.
1444 3454 1558 3497 von
1595 3441 1754 3497 1440.
1792 3439 1880 3496 Bl.
1919 3440 2034 3493 129.
2071 3437 2220 3494 ohne
2256 3429 2876 3508 Strophenabtheilussg·

599 3558 670 3612 18
706 3557 867 3613 deum
904 3556 1054 3614 conf.
1092 3558 1185 3615 Hs.

1282 3561 1355 3616 26
1387 3562 1712 3633 ponderosa
1748 3595 1812 3606 —
1852 3567 2124 3631 tamur,
2158 3561 2257 3618 Rs.
2354 3562 2424 3615 31
2462 3556 2874 3632 profundamus,
2905 3539 2984 3597 Η*

421 3639 785 3699 uinfehlt.
873 3644 1362 3723 ozpungas,fls.
1449 3645 2145 3723 67repentefipetfls.
2234 3646 2557 3717 680an
2629 3625 2988 3730 vamba&-

420 3730 488 3786 91
527 3744 652 3786 cum
686 3727 875 3796 simus,
910 3728 1010 3785 Hs.

1128 4103 1303 4212 896.
1377 4100 1632 4177 Oratio
1680 4103 1771 4178 de
1823 4132 1879 4177 s.
1932 4104 2322 4182 Dorothea.

413 4345 619 4412 Salve
664 4357 891 4415 sancta
932 4347 1295 4435 Dorothea,

413 4447 565 4513 audi
610 4467 834 4532 quaeso
873 4460 1030 4518 vota
1072 4474 1249 4536 mea,
1353 4474 1357 4478 ·

412 4559 686 4635 propter
725 4562 899 4620 tuam
941 4559 1309 4641 passionem

412 4670 622 4719 meum
665 4658 904 4729 bonum
948 4661 1054 4727 fac
1098 4680 1392 4746 agonem.

1772 4352 1984 4437 Virgo
2026 4351 2315 4436 prudens
2359 4359 2427 4415 et
2467 4350 2764 4424 formosa,
2945 4321 2978 4384 ⁶

1770 4454 2064 4541 paradisi
2105 4473 2389 4518 vernans
2432 4471 2589 4519 rosa
2611 4501 2629 4536 ,

1772 4559 1955 4623 salve
2000 4559 2230 4642 virgo,
2278 4577 2520 4642 sponsa
2565 4545 2823 4627 christi,

1773 4671 1843 4729 tu
1887 4670 2021 4729 tres
2065 4663 2289 4728 hostes
2335 4681 2484 4746 quae
2528 4655 2766 4736 vicisti,
