3175 5234
414 341 544 409 150

411 529 626 595 Senas
670 528 811 592 seni
854 543 1167 610 proceres

412 634 660 699 numeri
702 630 977 715 perfecti

411 734 772 817 collegistis
810 732 985 797 acies
1579 730 1662 792 35

411 859 649 923 gressu
693 838 878 903 callis
922 837 1103 900 recti.

311 1027 320 1036 ’
411 1028 527 1097 Ad
569 1030 803 1095 collem
839 1026 1146 1110 justitiae,

413 1134 588 1200 colla
630 1134 782 1198 lieet
825 1133 1022 1212 secti,

411 1237 578 1303 Jesu
622 1244 848 1300 vestro
895 1234 1107 1319 capite

412 1339 793 1420 nequivistis
836 1337 1058 1420 plecti.
1580 1330 1665 1394 40

411 1524 503 1592 Ut
546 1525 630 1591 ad
676 1525 973 1589 thronum
1021 1521 1333 1606 gradibus

395 1625 588 1694 'senis
633 1628 1093 1708 ascendamus,

409 1731 711 1797 bissenos
757 1729 1091 1795 leunculos

411 1839 483 1897 ut
526 1849 654 1897 non
699 1833 1066 1914 timeamuS,

1770 520 1860 589 Ut
1902 542 2022 587 sex
2064 521 2440 606 inproperia
2941 522 3039 585 45

1771 644 2094 707 nunquam
2140 624 2513 704 audiamus,

1771 746 1892 791 vos
1936 727 2076 791 seni
2121 725 2479 791 succurrite
2497 774 2517 808 ,

1770 834 1960 898 vobis
2003 829 2457 918 supplicamus.

1674 1023 1679 1026 ’
1773 1022 1983 1090 Senas
2029 1023 2170 1088 alas
2214 1023 2421 1088 tollite

1772 1145 1892 1192 nos
1937 1126 2020 1190 ad
2066 1126 2576 1210 protegendum,
2941 1130 3032 1192 50

1772 1230 1912 1293 seni
1959 1227 2161 1293 duces
2205 1227 2460 1293 Israhel

1773 1330 1857 1395 ad
1902 1330 2431 1397 benedicendum.

1771 1516 2180 1584 Ascendistis
2224 1519 2290 1581 in
2335 1525 2614 1582 montem
2630 1565 2648 1601 ‚

1771 1620 1944 1686 idem
1989 1629 2090 1684 est
2134 1619 2453 1703 agendum
2478 1668 2496 1701 ‚

1772 1723 1958 1787 nobis
2002 1721 2403 1801 benedicite,
2942 1723 3023 1783 55

1775 1846 1963 1891 amen
2009 1832 2113 1892 est
2157 1823 2514 1890 dicendum.

586 2018 684 2074 lls.
722 2034 792 2072 zu
826 2017 1072 2074 Admont
1109 2016 1216 2073 No.
1255 2019 1377 2070 717.
1413 2014 1513 2070 des
1551 2015 1621 2067 14
1653 2011 1853 2069 Jahn-h.
1892 2011 1993 2066 mit
2028 2009 2129 2065 der
2165 2009 2421 2069 melodis.

597 2141 667 2193 14
706 2136 830 2195 fato
867 2136 905 2195 f.
940 2145 1109 2209 statu,
1145 2138 1243 2194 Hs.
1314 2139 1384 2190 55
1419 2134 1606 2204 vobis,
1641 2135 1737 2189 Hs.

962 2490 1134 2565 740.
1210 2489 1543 2589 Hymnus
1594 2489 1668 2560 in
1720 2489 2076 2560 nativitate
2124 2487 2471 2587 martyris.

412 2729 619 2812 Deus,
665 2737 919 2795 tuorum
961 2727 1228 2792 militum

413 2850 560 2897 sors
604 2840 672 2896 et
717 2847 987 2911 corona,
1032 2828 1365 2911 praemium
1384 2874 1401 2909 ‚

411 2932 643 2998 laudes
690 2938 998 2998 canentes
1045 2929 1353 3013 martyris

412 3036 686 3102 absolve
725 3055 898 3100 nexu
949 3034 1246 3099 criminis.

411 3223 535 3292 Hic
577 3244 811 3309 nempe
855 3222 1074 3288 mundi
1118 3221 1360 3307 gaudia

413 3337 481 3394 et
525 3330 966 3395 blandimenta
1009 3329 1205 3393 noxia

410 3430 662 3496 caduca
705 3432 829 3495 rite
874 3429 1195 3513 deputans

407 3533 713 3616 pervenit
757 3531 844 3596 ad
889 3530 1197 3596 coelestia.

407 3718 647 3783 Poenas
691 3718 974 3782 cucurrit
1016 3697 1271 3783 fortiter

408 3828 477 3884 et
518 3820 775 3884 sustulit
816 3820 1120 3903 viriliter,

1772 2744 1897 2811 pro
1942 2734 2010 2792 te
2055 2723 2409 2790 refundens
2452 2722 2832 2808 sanguinem

1770 2841 2019 2896 aeterna
2064 2829 2237 2896 dona
2278 2827 2594 2912 possidet.

1767 3019 1936 3086 Hinc
1978 3037 2099 3085 nos
2143 3027 2489 3103 precantes
2535 3016 2864 3102 supplices

1769 3132 1835 3189 te
1878 3125 2204 3208 poscimus
2220 3172 2239 3208 ‚
2282 3124 2565 3209 piissime
2585 3171 2603 3207 ‚

1623 3224 1664 3286 5
1767 3226 1834 3290 in
1879 3224 2007 3290 hoc
2050 3223 2374 3307 triumpho
2417 3225 2725 3309 martyris
2943 3226 3029 3289 15

1770 3328 2018 3392 dimitte
2061 3343 2296 3391 noxam
2342 3327 2636 3392 servulis.

1772 3515 1876 3584 Sit
1917 3517 2061 3583 laus
2105 3516 2412 3601 perennis
2458 3517 2689 3600 gloriae

1770 3618 1896 3683 deo
1940 3618 2115 3703 patri
2159 3637 2303 3683 cum
2350 3618 2518 3700 filio,

1767 3728 1995 3785 sancto
2040 3721 2229 3786 simul
2272 3720 2594 3806 paraclito

1576 3823 1659 3887 10
1761 3824 1829 3888 in
1873 3825 2255 3890 saeculorum
2302 3824 2578 3889 saeculis.
2939 3826 3030 3891 20

587 4027 683 4084 lis.
720 4045 791 4083 zu
824 4027 1099 4087 Miinchen
1154 4028 1290 4085 Glm.
1330 4030 1523 4083 17027.
1568 4028 1610 4084 f.
1650 4032 1770 4086 129.
1824 4031 1925 4087 des
1964 4033 2034 4086 10
2066 4032 2267 4088 Jahrb.
2322 4034 2452 4103 (A).
2537 4032 2634 4088 Hs.
2669 4048 2740 4088 zu
2774 4032 3031 4088 Hailand

402 4116 464 4172 in
525 4115 629 4171 der
677 4115 1197 4172 ambrosianischen
1251 4116 1579 4173 Bibliothek
1630 4117 1687 4172 Μ
1707 4158 1722 4187 ,
1757 4121 1828 4173 25
1890 4119 1989 4175 des
2044 4121 2113 4172 15
2159 4119 2358 4175 Jahrb.
2413 4121 2546 4190 (Β).
2650 4118 2755 4178 Bei
2794 4119 3028 4176 Thomas.

400 4219 458 4275 p.
494 4206 603 4260 40⁰
638 4206 764 4275 (G),
801 4204 913 4260 und
949 4203 1042 4259 bei
1076 4204 1271 4260 Daniel
1303 4206 1353 4273 1,
1391 4206 1497 4260 100
1533 4205 1663 4276 (1)).

576 4354 612 4407 3
647 4359 933 4426 martyres
967 4354 1035 4409 A.
1143 4355 1180 4407 4
1215 4367 1444 4420 nexum,
1512 4351 1628 4407 und
1680 4352 1822 4408 iiber
1870 4352 2117 4408 criminis
2164 4353 2320 4408 steht
2366 4351 2578 4407 vinculi
2624 4351 2699 4420 B,
2755 4350 3028 4406 demnach

399 4437 622 4494 seheint
674 4439 862 4496 dieser
916 4442 1059 4496 Text
1112 4439 1369 4513 gelantet
1421 4456 1490 4495 zu
1543 4440 1763 4495 haben:
1827 4439 2056 4496 resolve
2105 4456 2303 4496 nexum
2342 4439 2572 4495 vinculi.

2663 4441 2698 4493 9
2732 4437 2926 4495 mondi
2962 4441 3026 4494 B.

401 4525 470 4577 11
525 4522 816 4581 effundens
856 4526 976 4595 OD,
1040 4543 1148 4598 pro
1199 4532 1258 4582 te
1309 4531 1469 4583 ustus
1522 4526 1799 4582 craticula
1841 4528 1909 4582 A.
2016 4529 2086 4583 13
2136 4527 2212 4584 ob
2255 4528 2368 4582 hoc
2406 4531 2643 4597 precatu
2678 4526 2923 4598 supplici
2958 4526 3025 4594 D,

398 4612 492 4667 hic
527 4613 588 4667 B.
675 4615 743 4667 15
791 4614 849 4667 in
894 4614 1007 4671 hoc
1056 4613 1207 4673 festo
1243 4615 1539 4673 Laurentii
1572 4618 1641 4672 A.
1737 4616 1804 4669 16
1841 4615 2013 4672 noxia
2047 4618 2114 4671 A.
2221 4617 2457 4670 17-20
2492 4615 2636 4672 Bon
2674 4612 2859 4668 haben
2895 4612 3025 4667 eine

398 4699 608 4758 andere
645 4700 985 4772 Doxologie.
