3175 5234
561 336 696 406 15⁰2

561 527 707 595 Fac
750 544 872 592 nos
915 525 1061 608 tibi,
1108 524 1232 588 deo
1277 540 1440 587 vero
1930 521 2032 587 Sit
2076 530 2145 588 et
2186 530 2339 587 nata
2383 521 2572 587 nobis
2614 521 2778 584 testis

564 632 757 716 gravi
800 647 984 694 more
1036 636 1104 692 et
1148 643 1418 710 severo,
1739 625 1823 689 30
1930 646 2129 709 super
2174 625 2419 690 cunctis
2463 626 2695 688 nostris
2727 623 2897 706 gestis,

566 742 710 800 tota
752 742 997 812 mente,
1041 730 1242 796 corde
1285 748 1468 794 mero
1929 729 2012 793 sit
2057 737 2124 793 et
2166 729 2395 793 mentis
2438 737 2678 792 nostrae
2715 726 2876 789 vestis

651 836 829 900 ferre
873 833 1070 899 laude
1118 833 1353 897 dulcia.
2014 833 2290 917 pulchra
2332 831 2729 912 innocentia,
2961 826 2991 884 t·

565 1020 753 1088 Uxor
796 1022 940 1106 ejus
983 1022 1174 1110 nobis
1211 1021 1443 1105 juncta
1923 1017 2014 1084 Ut
2055 1037 2177 1083 nos
2222 1019 2466 1100 fortes,
2516 1016 2707 1082 corde
2743 1015 2909 1099 puri,'

559 1143 688 1191 ‘nos
727 1125 1026 1191 defenset
1071 1127 1328 1210 pellens
1375 1133 1645 1206 cuncta,
1920 1123 1988 1186 in
2032 1123 2159 1187 hoc
2203 1112 2395 1186 sacro
2439 1119 2798 1204 pugnaturi,

569 1246 716 1310 quae
760 1236 908 1292 sunt
949 1228 1136 1291 nobis
1180 1227 1335 1291 felle
1372 1227 1605 1310 juncta
1734 1225 1818 1287 35
1926 1224 2114 1288 hoste
2157 1224 2334 1288 victo
2377 1222 2765 1305 permansuri
2857 1266 2864 1275 .

654 1334 773 1396 sub
819 1331 1013 1396 melle
1057 1331 1344 1395 latentia.
2014 1336 2228 1392 tecum
2277 1329 2474 1392 simus
2519 1324 2822 1410 perpetim.

739 1494 834 1549 Hs.
867 1510 981 1548 von
1001 1493 1059 1549 S.
1081 1494 1250 1549 Peter
1283 1510 1353 1546 zu
1372 1492 1689 1549 Karlsruhe
1718 1494 1826 1548 No.
1853 1496 1935 1549 16.
1958 1510 2012 1565 p.
2032 1495 2151 1549 366.
2189 1494 2289 1549 mit
2319 1496 2422 1549 der
2450 1493 2697 1558 Melodie‚
2724 1493 2779 1544 14
2791 1486 2990 1552 Jahrltffl

563 1580 796 1639 missale
830 1581 1141 1651 moguntin.
1175 1596 1229 1632 v.
1268 1581 1423 1634 1482.
1458 1581 1586 1650 (B).
1658 1580 1791 1652 Vgl.
1825 1582 2013 1637 Sarius
2048 1582 2116 1636 de
2156 1582 2381 1653 probat.
2418 1599 2495 1636 ss,
2530 1581 2627 1635 vit.
2657 1577 2797 1633 Febr.
2827 1575 2885 1627 1⁰.

1222 1861 1441 1937 1154.
1512 1864 1924 1963 Hympnnm
1975 1889 2029 1934 s·
2084 1863 2549 1961 Simpliciani.

569 2062 817 2130 Summi
859 2066 1027 2130 vatis
1073 2067 1471 2147 praeconium
1926 2064 2334 2148 Augustinus
2380 2065 2635 2149 scriptis
2668 2062 2863 2146 pulsat,

567 2162 975 2247 Simpliciani
1020 2166 1334 2247 canimus,
1926 2172 1996 2227 ut
2043 2165 2250 2246 agitet
2292 2164 2650 2247 ingenium,

571 2270 681 2351 qui
726 2269 882 2337 vitae
928 2287 1186 2333 cursum
1231 2267 1565 2350 explicans
1928 2259 2354 2348 quaestionum
2402 2267 2562 2331 ludit
2604 2259 2787 2329 forma

569 2371 910 2438 confessor
957 2372 1197 2436 domini
1241 2371 1470 2435 extitit.
1928 2371 2280 2454 epistolare
2328 2373 2678 2454 problema.

566 2560 756 2628 Hunc
797 2563 909 2627 ille
953 2581 1143 2627 sacer
1188 2579 1556 2645 praecessor
1777 2564 1817 2624 5
1925 2559 2212 2624 Verbum
2256 2558 2364 2622 dei
2413 2554 2785 2623 fructificans
2956 2535 2988 2594 ²5

564 2662 897 2745 insignivit
940 2661 1329 2728 Ambrosius
1354 2711 1371 2745 ,
1926 2663 1991 2725 in
2037 2662 2423 2745 populorum
2473 2659 2787 2737 cordibus,

563 2766 879 2829 vicarium
923 2764 1097 2829 sedis
1143 2765 1406 2847 dignum
1924 2765 2237 2848 praelatus
2280 2763 2511 2828 Romae
2555 2761 2785 2827 habitus

565 2867 872 2952 praedixit
915 2868 1090 2934 hunc
1134 2870 1417 2935 oraculo.
1924 2867 2321 2950 praedicator
2366 2867 2686 2963 egregius,

566 3055 624 3122 Ο
668 3076 860 3140 quam
903 3059 1062 3123 felix
1107 3061 1468 3143 successio,
1925 3056 2271 3121 Multitudo
2313 3058 2646 3121 innumera

566 3161 895 3245 praeclara
936 3179 1109 3226 nunc
1151 3162 1482 3229 hereditas
1500 3212 1518 3244 ,
1736 3168 1816 3231 10
1922 3179 2045 3243 per
2090 3178 2233 3222 eum
2278 3161 2610 3242 baptizata
2650 3160 2754 3235 est,
2955 3126 2989 3189 ᾖ

567 3262 885 3345 signifera
921 3264 1119 3328 missa
1162 3283 1330 3331 voce
1924 3281 2088 3346 quos
2132 3263 2301 3327 inter
2344 3263 2573 3327 rhetor
2614 3261 2850 3324 famosus

566 3365 754 3430 trinis
799 3366 1007 3431 modis
1054 3368 1396 3434 distinctio.
1662 3364 1667 3367 ’
1923 3374 1990 3431 et
2012 3365 2409 3454 ,Victorinus
2454 3361 2731 3430 credidit.

560 3548 787 3616 Laetus
831 3562 1057 3635 pastor
1102 3554 1526 3637 grandaevus,
1920 3556 2239 3623 Ecclesiae
2286 3576 2439 3622 arce
2485 3556 2722 3640 pollens

559 3648 681 3714 sed
725 3651 878 3715 licet
923 3654 1200 3738 simplex
1245 3658 1561 3741 moribus,
1919 3659 2089 3724 hanc
2134 3660 2344 3723 aulam
2392 3657 2648 3723 Christo
2690 3640 2923 3719 condfflx

561 3753 877 3816 sanctitas
923 3772 1140 3819 comes
1184 3758 1303 3823 fuit
1734 3765 1812 3827 15
1919 3760 2331 3828 Ambrosium
2378 3764 2631 3826 mittens
2670 3765 2862 3822 caeou¹¹

565 3854 651 3919 ab
698 3856 885 3919 annis
928 3859 1305 3940 puerilibus,
1918 3867 2046 3931 huc
2088 3865 2452 3932 Dalmatino
2496 3866 2715 3930 littore.

561 4043 875 4111 Doctrina
918 4053 1153 4128 potens
1200 4047 1432 4113 claruit
1921 4053 2114 4119 Ocius
2156 4055 2268 4118 ille
2312 4053 2577 4117 veniens

560 4155 702 4212 toto
750 4150 911 4212 orbe
958 4151 1356 4236 notissimus,
1919 4158 2133 4221 lumen
2177 4157 2409 4239 recipit
2452 4155 2683 4219 eminus

558 4252 761 4316 multa
803 4254 1112 4318 tractavit
1159 4254 1376 4319 divina
1919 4257 2185 4323 Sisinnii
2227 4259 2518 4341 martyrii
2616 4262 2626 4270 “
2949 4309 3019 4374 4⁰,

557 4353 851 4435 ingentia
896 4354 1239 4419 volumina.
1728 4363 1812 4447 ,2⁰
1915 4363 2158 4425 meritis
2203 4369 2271 4425 et
2312 4352 2680 4425 Alexandri.

2614 4497 2627 4509 0

737 4533 833 4588 ns.
862 4552 931 4589 zu
957 4537 1223 4609 Mailand,
1257 4540 1515 4596 Ambros.
1551 4542 1726 4612 nihl„
1761 4543 1829 4599 nt
1866 4547 1953 4599 25.
1993 4548 2059 4599 15
2095 4545 2296 4601 Jahrb.
2365 4531 2746 4614 Ursprfinslich
2774 4532 2868 4577 '⁷²¹
2890 4507 2988 4593 ‘⁶⁰⁵3‘

556 4616 697 4674 Lied
745 4621 889 4674 nach
926 4622 991 4675 V.
1027 4625 1099 4677 34
1143 4622 1240 4678 ffir
1289 4626 1380 4681 die
1419 4628 1628 4684 Kirche
1665 4632 1724 4687 S.
1762 4631 2140 4704 Sempliciano
2188 4634 2245 4687 in
2285 4629 2525 4688 Hailand
2560 4616 2821 4682 bestimmt,
2865 4586 2987 4654 ”W
3018 4694 3019 4699 ,

559 4720 677 4761 von
714 4705 871 4762 einer
905 4708 1039 4764 sehr
1075 4711 1231 4767 alten
1268 4714 1363 4769 Hs.
1402 4718 1865 4792 abgeschrieben‚
1903 4721 2015 4776 wie
2052 4721 2142 4777 die
2178 4718 2608 4794 Sprachformcn
2640 4699 2878 4767 beweiffl·
3018 4708 3019 4791 1
