3175 5234
1092 670 1100 679 '
1216 654 1391 729 829.
1464 654 1581 727 De
1629 679 1686 727 s.
1735 651 2084 727 Barbara.

342 873 497 941 Ave
542 875 743 944 decus
786 877 1019 961 patriae
1037 924 1057 956 ,
1701 895 1928 958 regem
1973 875 2186 941 cernis
2230 871 2464 957 gloriae

344 978 671 1063 Barbara,
714 979 840 1045 flos
882 980 1117 1064 gratiae
1133 1026 1153 1065 ,
1787 977 2078 1060 flagrans
2123 995 2246 1058 per
2291 974 2611 1041 amorem!

431 1102 557 1148 am
602 1083 688 1147 mi
733 1083 1050 1167 patrona!
1698 1134 1869 1203 Goeli
1914 1134 2090 1201 sedis
2134 1133 2373 1203 lucidae
2874 1134 2962 1201 10

1702 1259 1847 1306 oum
1891 1239 2111 1323 palma
2155 1238 2455 1305 victorioe

347 1294 514 1361 Goeli
558 1313 828 1362 consors
872 1296 1021 1378 81⁰¹·
1021 1295 1138 1377 iae,
1185 1374 1192 1382 .
1786 1343 2089 1426 possides
2133 1342 2461 1407 decorem.

343 1397 730 1482 praedecora
773 1398 1019 1482 specie,
1553 1395 1595 1457 5

429 1500 688 1582 fulgens
732 1501 852 1566 sub
901 1516 1165 1565 corona.
1699 1505 1837 1570 Nos
1882 1513 1993 1571 tuo
2029 1507 2366 1590 juvamine

1702 1605 1786 1669 de
1829 1606 2050 1671 mundi
2095 1607 2376 1690 caligine

347 1711 401 1777 0
446 1732 638 1795 quam
682 1712 835 1778 laeta
877 1712 1047 1778 facie
1789 1710 1876 1775 ad
1920 1711 2069 1776 coeli
2114 1710 2241 1776 duc
2284 1710 2719 1795 splendorem.
2875 1709 2961 1772 15

387 1852 396 1859 ο
522 1896 619 1952 Hs.
658 1912 728 1950 zu
763 1894 822 1950 S.
859 1895 1030 1950 Peter
1067 1894 1126 1948 in
1161 1892 1446 1965 Salzburg
1479 1892 1575 1963 v1,
1612 1896 1699 1950 35.
1736 1897 1804 1948 15
1831 1894 2033 1949 Jahrb.
2103 1896 2218 1952 Das
2252 1895 2391 1950 Lied
2425 1896 2528 1953 hat
2561 1910 2668 1953 nur
2701 1897 2737 1951 2
2766 1893 2962 1951 neimo

348 1983 464 2039 und
501 1986 566 2037 15
601 1982 797 2037 wiirde
833 1980 928 2037 ffir
965 1981 1065 2036 das
1101 1980 1400 2035 Versmasa
1435 1980 1636 2036 beeser
1670 1997 1838 2052 seyn:
1877 1982 2050 2036 ducas
2084 1983 2161 2038 ad
2196 1982 2301 2053 spl.

519 2156 743 2210 Diesem
777 2153 943 2209 Liede
993 2153 1266 2208 schliesse
1313 2153 1406 2207 ich
1454 2153 1545 2208 ein
1580 2153 1962 2209 italienisches
1998 2154 2205 2210 Sonett
2245 2154 2346 2208 des
2385 2156 2454 2208 15
2488 2153 2686 2211 Jahrb.
2727 2169 2799 2209 an
2848 2168 2956 2209 aus

342 2246 444 2300 der
480 2245 575 2299 Hs.
610 2243 710 2297 des
746 2241 881 2296 Hrn.
918 2241 1161 2295 Emman.
1199 2239 1453 2310 cicogna
1488 2255 1558 2293 zu
1594 2239 1866 2312 Venedig,
1902 2240 2008 2295 No.
2042 2241 2200 2295 27⁷3.

351 2366 612 2423 Barbara
647 2367 873 2430 sancta,
911 2378 1194 2434 generosa
1230 2379 1262 2417 e
1298 2362 1469 2433 bella,
1707 2366 1820 2420 Per
1860 2365 1905 2418 li
1940 2365 2023 2420 tui
2058 2363 2245 2420 meriti
2281 2380 2313 2418 e
2349 2361 2597 2418 mirabili
2629 2362 2763 2418 doni

350 2453 453 2508 che
490 2450 702 2505 dilecta
739 2448 824 2503 sei
860 2449 934 2503 da
971 2453 1232 2503 creatore
1253 2490 1268 2518 ,
1709 2452 1769 2505 el
1800 2451 1957 2507 bello
1993 2451 2265 2522 paradiso
2301 2455 2427 2506 tuto
2464 2455 2674 2521 quanto
2887 2451 2961 2505 10

347 2538 517 2610 piena
553 2536 612 2591 di
647 2534 799 2590 virtu
818 2575 832 2603 ,
868 2534 1038 2604 piena
1072 2534 1321 2591 d'amore
1707 2535 1769 2592 fa
1804 2537 1956 2593 colia
1990 2554 2021 2592 e
2058 2535 2237 2605 fecta,
2271 2536 2519 2593 melodia
2557 2552 2590 2590 e
2626 2537 2786 2592 soni:

345 2625 406 2680 in
441 2625 552 2679 ciel
590 2640 795 2678 sereno
831 2622 1106 2677 matutina
1140 2621 1330 2677 stella.
1705 2622 1766 2678 al
1803 2624 1979 2695 padre
2015 2643 2047 2679 e
2084 2621 2224 2680 fiolo
2258 2640 2293 2680 e
2329 2624 2543 2695 spiritu
2569 2630 2771 2681 sancto

347 2744 704 2803 martirizata
736 2742 972 2814 vergine
1010 2741 1301 2811 domena,
1565 2745 1601 2797 ὅ
1705 2710 1996 2766 chierubin
2033 2728 2065 2766 e
2100 2712 2371 2783 seraphin
2404 2729 2438 2767 e
2474 2712 2666 2771 throni

348 2839 413 2890 tu
447 2833 531 2888 sei
566 2833 752 2904 degna
788 2831 857 2885 de
894 2829 1086 2903 gloria
1121 2847 1153 2885 e
1191 2831 1273 2887 dil
1309 2833 1553 2901 honore,
1706 2795 1764 2850 ⁵¹¹
1801 2796 1911 2851 ⁰⁵⁶¹
1947 2795 2123 2853 f²¹¹¹¹²⁰
2160 2797 2425 2869 triumphi
2461 2814 2492 2852 θ
2530 2797 2694 2855 ’101ῑο
2730 2802 2916 2855 Μία

347 2925 412 2976 tu
444 2919 530 2975 sei
563 2920 902 2977 incoronata
935 2918 1034 2973 dal
1067 2918 1332 2991 signore,

353 3023 531 3079 nposa
557 3007 615 3062 di
643 3007 888 3076 Christo,
924 3005 990 3060 de
1027 3005 1113 3077 gli
1151 3005 1334 3072 anjoli
1368 3005 1602 3062 sorella.

528 3150 596 3201 11
635 3144 731 3202 fiir
767 3145 1011 3221 acoglia,
1039 3145 1196 3217 jetat
1228 3145 1613 3218 accoglienza.
1687 3145 1755 3198 12
1791 3142 1875 3212 el,
1911 3143 2006 3198 Hs.

802 3528 976 3602 830.
1040 3528 1128 3598 Ῑιι
1179 3525 1553 3601 festivitate
1606 3551 1662 3598 s.
1720 3523 2080 3598 Barbarae.
2158 3500 2481 3622 hymnus·

351 3758 724 3827 Gratuletur
768 3760 1049 3825 ecclesia
1066 3806 1085 3842 ,
1702 3760 1864 3826 Haec
1907 3761 2069 3824 nitet
2111 3761 2278 3825 sicut
2321 3760 2553 3842 lilium,

347 3860 610 3929 laudum
654 3868 913 3946 promat
954 3864 1320 3946 praeconia,
1702 3863 1864 3928 deos
1908 3862 2159 3945 spernit
2200 3861 2571 3944 gentilium,
2870 3862 2961 3926 1⁰

350 3972 542 4030 cantu
587 3971 864 4030 testetur
907 3963 1152 4048 gaudia
1702 3964 1809 4029 dei
1854 3971 2131 4029 testatur
2174 3963 2408 4047 filium,

347 4067 430 4133 ad
476 4066 791 4134 Barbarae
836 4068 1165 4132 solemnia.
1704 4067 1970 4132 anhelat
2011 4067 2098 4133 ad
2140 4066 2539 4151 martyrium.

346 4278 482 4345 Ista
523 4298 647 4362 pro
693 4279 954 4346 Christo
999 4278 1273 4346 caeditur
1291 4327 1309 4362 ,
1554 4284 1596 4344 5
1701 4281 1864 4347 Haec
1906 4282 2199 4347 lacerata
2240 4281 2525 4347 verbere

347 4382 415 4446 in
459 4389 643 4446 arcta
686 4383 855 4448 cella
900 4381 1249 4465 clauditur,
1700 4392 1875 4452 tetro
1919 4384 2262 4451 damnatur
2305 4404 2609 4468 carcere,

347 4491 416 4548 et
458 4484 543 4549 ad
586 4486 933 4568 praesidem
979 4487 1266 4568 ducitur,
1703 4488 1902 4570 digne
1947 4488 2191 4552 meritis
2234 4486 2554 4555 Barbarae
2877 4487 2967 4551 15

352 4583 454 4652 dis
497 4586 706 4650 libare
749 4589 1146 4671 praecipitur.
1704 4605 1934 4655 carcer
1975 4586 2353 4673 resplendet
2384 4588 2648 4674 jubare.
