3175 5234
756 702 931 778 807.
1000 702 1118 773 De
1168 726 1224 772 s.
1276 701 1516 794 Anna,
1563 697 1657 770 acl
1707 707 2146 771 nocturnum.
2214 695 2540 798 hymnus.

344 929 402 999 0
447 932 640 996 stella
683 931 880 995 maris
924 928 1206 1013 fulgida,
1704 929 1992 995 Mentem
2036 928 2356 993 accendat
2399 927 2656 1012 caritas,

348 1036 623 1103 absolve
666 1019 882 1120 blebis
927 1034 1194 1100 crimina
1701 1033 1856 1116 igne
1898 1031 2187 1098 calescat
2231 1031 2512 1116 animus,
2878 1034 2961 1098 10

343 1140 624 1223 gemitus
667 1155 925 1220 quoque
969 1136 1328 1221 supplicum
1701 1133 1924 1199 divine
1967 1152 2227 1218 semper
2271 1153 2538 1199 munere

344 1239 590 1305 inmuta
635 1237 852 1304 dando
896 1236 1220 1320 gaudium.
1698 1244 1772 1303 ut
1812 1237 2153 1320 vigeamus
2191 1238 2530 1323 perpetim.

340 1426 438 1493 'l'e
488 1426 919 1510 deprecamur
962 1426 1291 1509 suppliees
1552 1427 1590 1487 5
1697 1429 1980 1495 Praestet
2022 1427 2151 1495 hoo
2193 1428 2383 1496 nobis
2429 1427 2638 1493 deitas

339 1538 541 1612 atque
583 1547 892 1615 rogamus
935 1528 1209 1593 humiles
1230 1576 1246 1609 ,
1699 1533 1907 1616 patris
1952 1532 2215 1615 natique
2231 1579 2250 1614 ,
2296 1531 2547 1616 pariter

340 1650 576 1718 paoem
620 1640 691 1697 ut
735 1631 941 1696 dones
986 1632 1274 1698 cordium
1293 1679 1312 1714 ,
1700 1642 1964 1700 sanetus
2011 1638 2345 1700 amborum
2393 1635 2657 1719 spiritus
2874 1634 2958 1697 15

343 1736 576 1803 sordes
622 1736 942 1819 tergendo
989 1737 1339 1804 eriminum.
1703 1743 1937 1801 cuneta
1980 1738 2357 1818 gubernans
2404 1735 2662 1801 saecula.

516 1919 783 1977 Dieselbe
829 1919 928 1976 Hs.
981 1934 1051 1972 zu
1103 1917 1273 1974 Gratz
1322 1917 1434 1987 (A)
1482 1916 1600 1970 und
1642 1915 1741 1973 Hs.
1786 1933 1854 1971 zu
1907 1915 1967 1973 S.
2016 1916 2186 1971 Peter
2245 1916 2304 1971 in
2348 1915 2632 1988 Salzburg
2666 1916 2746 1985 V,
2785 1918 2820 1973 8
2855 1918 2966 1979 de·

251 2035 255 2039 ·
348 2006 419 2061 15
452 2007 650 2062 Jahrb.
687 2008 839 2078 (Β).4
890 2005 1049 2060 Naeh
1087 2003 1211 2059 (lem
1245 2001 1477 2075 Ausang
1513 2003 1733 2058 scheint
1770 2003 1890 2058 dies
1926 2002 2333 2074 urspriinglieh
2369 2003 2461 2057 ein
2498 2003 2844 2059 Matienlied.

522 2135 558 2186 3
592 2131 942 2205 gemitusque
977 2132 1040 2185 B.
1112 2133 1148 2183 7
1185 2130 1336 2201 quod
1372 2130 1421 2184 A
1444 2171 1458 2198 ,
1495 2144 1798 2200 pacemque
1834 2128 1894 2183 Β.
1966 2128 2140 2185 9-12
2178 2126 2420 2201 hathui·
2458 2130 2520 2185 B.
2595 2131 2662 2184 13
2698 2127 2825 2198 ipsa
2861 2124 2965 2183 fiir

342 2218 475 2275 nob.
506 2219 574 2275 A.
645 2221 714 2274 16
751 2220 1004 2292 guberna
1039 2220 1103 2273 B.

842 2534 1013 2608 808.
1081 2531 1474 2632 Sequentia
1529 2533 1617 2605 de
1671 2559 1726 2606 s,
1779 2531 2101 2606 Antonio
2158 2535 2459 2606 eremita.

337 2760 416 2830 In
458 2762 585 2826 bae
629 2761 734 2825 die
778 2760 1153 2827 laetabunda
1697 2761 1838 2840 Quo
1888 2771 2221 2846 comperto
2276 2763 2458 2826 miles
2501 2762 2690 2827 fortis

335 2866 543 2930 nostri
586 2866 769 2930 chori
810 2867 1002 2950 plebs
1038 2867 1331 2951 jocunda
1693 2866 1932 2949 inquit:
1983 2869 2210 2950 „euba‚
2256 2867 2463 2930 fomes
2505 2869 2748 2948 mortis,
2863 2868 2971 2932 20·

422 2969 666 3052 psallat
710 2987 852 3034 eum
897 2972 1216 3056 tripudio,
1399 2953 1414 2963 ’
1782 2988 1982 3053 super
2026 2969 2128 3034 his
2167 2965 2629 3035 carbonibus!“

337 3079 408 3136 et
451 3072 579 3137 hae
619 3071 730 3137 die
776 3074 1148 3159 triumphali
1694 3072 1950 3137 daemon
1994 3073 2163 3154 fugit
2208 3075 2657 3156 perturbatae,

337 3172 571 3238 laudes
614 3183 771 3240 voto
818 3177 1091 3259 speciali
1175 3212 1178 3219 2
1548 3180 1587 3241 5
1691 3196 1844 3242 mox
1889 3176 2291 3242 daemonibus
2336 3177 2611 3261 stipatus

424 3277 766 3361 persolvat
808 3276 1115 3345 Antonio.
1780 3281 1955 3346 hune
2001 3279 2196 3344 caedit
2239 3281 2640 3345 verberibus.

332 3464 456 3532 nio
499 3467 736 3549 insigni
781 3467 985 3549 stirpe
1032 3476 1253 3551 natus,
1690 3466 1969 3550 Jejuniis
2013 3475 2405 3548 maturatus,
2857 3467 2945 3529 25

334 3568 509 3632 dono
555 3564 664 3631 dei
707 3566 1056 3632 decoratus
1689 3569 1994 3634 mundum
2027 3575 2366 3655 spernens,
2412 3569 2677 3636 Christo
2713 3577 2944 3653 gratus

419 3668 663 3733 effulsit
705 3670 1050 3735 virtutibus
1067 3719 1085 3750 ‚
1776 3675 1992 3738 earnis
2038 3674 2234 3738 solvit
2277 3673 2579 3739 debitum.

332 3777 524 3833 antra
565 3769 731 3853 petit
771 3789 895 3852 per
941 3772 1301 3858 desertum,
1503 3779 1584 3842 10
1689 3775 1997 3859 quidquid
2040 3778 2194 3860 igne
2239 3777 2626 3859 trucidatur,

329 3890 417 3936 ne
463 3889 536 3935 se
579 3871 755 3935 vitiis
797 3873 1110 3938 insertum
1688 3880 2038 3962 gehennali
2085 3881 2398 3946 liberatur

418 3975 692 4043 mundus
734 3976 920 4042 fallat
962 3979 1210 4063 opibus.
1775 3986 1860 4048 ob
1905 3983 2107 4066 ipsius
2152 3984 2464 4046 meritum.
2852 3983 2941 4046 30

328 4169 473 4247 Quo
515 4169 666 4234 viso
710 4188 982 4254 serpens
1028 4174 1362 4258 antiquuS‚
1685 4172 1873 4238 Nune
1917 4173 2167 4236 exultat
2211 4171 2575 4254 laureatus,

328 4273 570 4338 Christi
616 4275 827 4339 servis
873 4276 1166 4343 inimicus
1186 4325 1205 4360 ,
1686 4275 1857 4341 stola
1900 4278 2057 4340 vitae
2102 4274 2451 4340 decoratus

411 4386 747 4461 praeparat
787 4379 1084 4463 insidias,
1500 4383 1578 4445 15
1769 4380 1835 4442 in
1881 4379 2130 4443 eoelesti
2178 4380 2484 4460 eulmine;

324 4479 560 4545 cellum
606 4483 779 4547 subit
820 4483 958 4548 sine
1002 4504 1186 4551 mora
1685 4487 1984 4553 thronum
2030 4507 2295 4552 summae
2340 4486 2701 4570 majestatis

313 4590 395 4647 et
438 4584 624 4663 quasi
669 4586 860 4666 virgo
906 4587 1151 4655 decora
1683 4611 1827 4658 cum
1870 4591 2203 4673 spiritibus
2246 4591 2458 4657 beatis
2854 4587 2940 4651 35

399 4685 532 4758 sibi
577 4683 717 4803 dat·
733 4687 1098 4757 blanditias.
1767 4695 1923 4760 laeto
1970 4695 2178 4760 cernit
2220 4693 2474 4759 lumine.
