3175 5234
201 426 528 511 Princeps
572 425 681 491 hic
720 418 1085 510 praesulum

210 526 614 595 Francorum
657 528 971 611 populum

210 633 394 717 prius
438 628 866 711 incredulum,

213 752 414 820 super
459 753 648 823 quem
694 726 993 799 zabulum

299 858 583 921 regnare
629 840 956 923 repperit,
1010 844 1019 847 '

215 960 297 1006 eo
344 940 517 1024 quod
559 941 755 1025 impio

217 1043 422 1109 desub
471 1043 751 1108 dominio

214 1155 470 1232 raptum
514 1147 812 1230 Remigio

213 1249 673 1334 praedicatorio

300 1352 656 1436 prudenter
706 1355 994 1442 traxerit.

214 1535 326 1606 Ad
371 1550 625 1624 portum
671 1544 906 1625 gratiae

217 1642 405 1707 datos
450 1644 744 1734 perfidiae

213 1745 498 1811 reddens
534 1748 841 1838 justitiae,

213 1850 400 1914 navis
438 1850 745 1916 ecclesiae

300 1961 518 2018 rector
563 1954 870 2036 egregius

208 2059 329 2124 fuit
373 2060 710 2143 divinitus»,

208 2168 553 2244 antequam
598 2165 854 2246 genitus
873 2213 892 2247 ,

208 2266 465 2330 nomine
512 2258 812 2349 cognitus

210 2377 278 2433 et
322 2388 512 2435 sacra
554 2369 865 2456 proditus,

293 2488 459 2536 voce
495 2470 846 2554 Remigius,

208 2654 437 2723 Glaret
480 2660 563 2723 ab
609 2658 881 2722 exordio

206 2768 433 2827 sancta
475 2756 885 2829 conversatio
909 2813 927 2846 ,

204 2938 209 2943 .
293 2865 551 2929 deitatis
596 2886 859 2930 munere
914 2936 918 2941 ,

293 2970 482 3052 signa
526 2972 725 3053 coepit
768 2991 1004 3056 agere,

206 3069 357 3135 dum
404 3070 616 3136 adhuc
658 3073 920 3137 nutritio

292 3170 609 3259 penderet
655 3177 739 3240 ab
785 3178 1006 3277 ubere.
1138 3201 1146 3209 ·

205 3371 345 3449 Quo
390 3372 667 3437 nutritus
703 3373 915 3437 fuerat

202 3475 374 3539 lacte
420 3477 678 3560 matris,
724 3484 1009 3561 reserat,

289 3579 573 3644 liniendo
619 3579 870 3646 loculos

290 3682 621 3748 oculorum
646 3731 664 3765 ,
710 3684 934 3749 oculos

201 3785 379 3870 ejus,
426 3786 534 3868 qui
576 3785 983 3869 praedixerat

288 3894 468 3979 ortus
514 3886 613 3951 sui
657 3886 895 3953 titulos.

196 4094 492 4160 Necdum
536 4094 955 4179 adoleverat,

199 4218 374 4281 cum,
421 4199 587 4265 sicut
631 4199 981 4283 didicerat,

287 4320 360 4366 se
407 4303 727 4366 subtraxit
768 4304 1045 4387 populo,

284 4406 561 4471 retraxit
605 4425 644 4471 a
690 4407 932 4473 saeculo

195 4508 463 4594 pedem,
509 4527 639 4594 quo
680 4510 793 4574 vix
834 4517 1107 4577 steterat

282 4613 350 4677 in
396 4613 539 4697 ejus
586 4614 923 4680 vestibulo.

1375 530 1461 594 2⁰

1377 1046 1459 1108 25

1376 1650 1460 1714 30

1372 2168 1457 2230 35

1368 2767 1453 2831 40

1228 3377 1449 3441 ’45

1365 3892 1449 3956 50

1361 4514 1445 4577 55

2690 244 2814 310 ⁸91

1566 399 1954 495 Declaratur
1995 432 2289 514 pontifex

1568 537 1636 595 et
1679 531 1904 597 salutis
1951 533 2172 615 opifex
2305 532 2313 540 ’

1655 627 1929 715 spiritali
1972 633 2209 698 lumine

1652 736 1957 820 perfusus
1985 734 2069 800 'et
2112 736 2394 819 unguine
2407 786 2428 820 ,
2732 742 2815 803 60
2947 790 2964 808 .

1566 835 1766 921 fitque
1817 856 2009 905 sacer
2049 842 2332 905 sacrifex

1656 960 1874 1008 coram
1921 963 2112 1010 sacra
2157 946 2427 1029 virgine.

1536 1169 1541 1172 ’
1568 1130 1842 1216 Captum
1855 1144 2086 1218 mente,
2106 1138 2517 1201 constrictum
2535 1137 2811 1201 vinculis

1564 1234 1837 1320 inopiae,
1881 1248 2217 1304 carentem
2262 1241 2465 1304 oculis

1565 1342 1773 1405 verbo
1811 1341 2042 1425 solvit,
2088 1352 2348 1409 recreat
2391 1343 2631 1427 epulis,
2723 1344 2805 1406 65

1655 1440 1923 1507 decorat
1968 1443 2229 1526 lumine3

1566 1544 1663 1609 sic
1705 1545 1916 1608 unitas
1961 1564 2206 1609 summa
2252 1565 2370 1628 per
2415 1546 2717 1610 famulum

1563 1647 1868 1711 trinitatis
1915 1649 2228 1712 cultorem
2276 1647 2568 1712 sedulum

1566 1755 1876 1830 operatur
1920 1766 2049 1811 uno
2093 1749 2466 1812 miraculum
2639 1738 2642 1741 ’

1502 1926 1522 1944 .
1653 1850 1886 1914 trinum
1932 1852 1997 1913 in
2042 1851 2317 1915 homine.
2725 1853 2807 1915 70

1565 2039 1727 2106 Cum
1771 2038 2110 2123 flagrantis
2153 2041 2333 2104 urbis
2371 2038 2782 2142 Remensium
2900 2106 2906 2111 .
2966 2012 2969 2017 .

1561 2140 1801 2207 sedans
1846 2141 2059 2224 globis
2104 2140 2502 2205 flammarum
2547 2142 2764 2206 ovium

1560 2244 1752 2318 sedat
1793 2245 2010 2327 ignes,
2056 2244 2178 2308 sed
2225 2252 2292 2310 et
2335 2244 2718 2330 daemonium

1646 2347 1886 2432 puellae
1929 2347 2163 2412 nobilis

1557 2449 1745 2532 fugat
1789 2448 1946 2512 fusis
1991 2446 2076 2513 ad
2121 2447 2312 2513 deum
2355 2449 2658 2533 precibus
2724 2452 2759 2510 Ἰ
2767 2452 2805 2511 5

1559 2559 1626 2617 et
1670 2568 1821 2616 mox
1868 2552 2091 2622 mortis
2136 2550 2458 2617 addictam
2503 2552 2760 2635 legibus

1557 2654 1918 2720 redivivam
1961 2653 2179 2719 reddit
2220 2657 2631 2739 parentibus,

1643 2761 1727 2824 ob
1772 2759 1901 2824 hoc
1941 2758 2091 2844 plus
2138 2758 2409 2824 humilis.

1555 2955 1853 3021 Christus
1900 2955 2178 3022 chrisma
2223 2957 2697 3041 paradisiacum

1554 3061 1726 3124 misit
1769 3060 1861 3141 ei,
1884 3079 2051 3125 cum
2095 3060 2491 3126 Parisiacum
2714 3063 2799 3126 80

1553 3183 1781 3246 regem
1819 3163 1946 3227 deo
1990 3163 2277 3227 sacravit
2320 3182 2448 3228 una
2491 3182 2637 3229 cum

1640 3267 1818 3349 regis
1862 3267 2114 3348 militia3

1552 3369 1842 3435 inimicos
1889 3370 2101 3434 crucis
2147 3387 2552 3453 exsuperans

1554 3481 1621 3537 et
1665 3472 1980 3556 sanguine
2026 3472 2267 3538 Christi
2309 3471 2763 3538 confoederans
2785 3523 2802 3556 ,

1554 3584 1906 3659 generatos
1953 3578 2146 3641 morti
2194 3594 2590 3659 regenerans
2714 3577 2800 3641 85

1640 3683 1727 3747 ad
1771 3684 1926 3747 vitae
1970 3682 2262 3766 praemia.

1553 3892 1609 3958 0
1652 3891 2054 3959 Francorum
2097 3891 2313 3973 gentis
2357 3892 2653 3976 apostole
2666 3930 2696 3973 ,-

1552 4014 1751 4080 super
1794 4014 1910 4075 ea,
1957 4013 2147 4076 quam
2195 3993 2320 4058 deo
2365 3996 2594 4059 sobole

1550 4099 1841 4164 lucratus
1883 4113 1984 4176 es,
2030 4095 2268 4160 affectu
2315 4096 2591 4161 condole

1635 4201 1895 4287 paterni
1938 4200 2261 4285 pectoriS,
2714 4205 2797 4271 90

1551 4316 1621 4374 et
1663 4308 1729 4373 in
1775 4305 1967 4391 hujus
2012 4303 2228 4370 mundi
2272 4303 2614 4387 naufragio

1551 4410 1938 4476 fluctuantes
1983 4417 2112 4474 tuae
2153 4405 2450 4488 Remigio
2615 4414 2623 4422 '

1550 4512 1912 4581 sanctitatis
1956 4510 2186 4574 refove
2231 4507 2471 4591 gaudio

1642 4616 1905 4701 superni
1946 4614 2198 4679 littoris.
