3175 5234
200 451 291 520 Et
332 460 525 518 nocte
570 472 809 519 caesum
852 454 1075 538 gladio

204 553 423 621 Tiberi
467 555 691 620 mersit
733 554 933 622 fluvio
947 603 966 639 ,

201 657 291 724 ibi
334 658 594 723 levatur
638 655 916 743 provido
1087 737 1098 748 ⁶
1234 694 1241 703 ·
1368 659 1448 724 15

200 760 408 824 sancti
450 760 733 843 pastoris
777 756 1010 824 studio.

200 944 407 1032 Cujus
451 947 717 1031 spiritus
763 948 1021 1013 choreis

189 1050 332 1136 jam
378 1049 777 1133 conjunctus⁴
808 1052 1123 1135 angelicis

197 1152 433 1217 fruitur
476 1153 642 1217 coelo
688 1153 900 1218 beatis

198 1255 506 1341 perennis
550 1257 739 1320 laetus
781 1255 1055 1339 gaudiis.
1363 1259 1448 1324 20

196 1443 452 1510 Dehinc
495 1445 559 1510 in
604 1444 769 1511 fines
816 1443 1094 1511 Noricus

199 1566 445 1613 summa
490 1546 743 1622 delatus
789 1546 1001 1630 gloria
1014 1594 1032 1629 ,

198 1651 531 1734 signorum
574 1647 871 1736 efficacia

199 1761 339 1818 tota
379 1752 610 1837 pollet·
632 1752 933 1819 Bavaria.

196 1942 354 2010 letio
402 1944 644 2009 virtuto
688 1944 995 2028 martyris
1132 1919 1143 1929 ’
1360 1945 1445 2008 25

1560 460 1746 526 furor
1788 461 2052 545 fugatur
2095 462 2464 547 daemonis‚.

1556 564 1773 629 lumen
1815 569 2084 633 orbatus
2127 568 2388 671 recipit,

1555 685 1854 750 gressum
1901 669 2275 736 claudicans
2318 673 2588 738 revehit.

1557 881 1780 951 Omnis
1820 887 1929 953 hic
1971 887 2251 971 languor
2298 889 2591 973 pellitur,
2727 948 2737 958 .

1556 987 1736 1054 salus
1781 997 2009 1073 optata
2052 989 2376 1071 redditur,
2720 995 2804 1058 30

1557 1108 1863 1175 promens
1915 1092 1998 1157 de
2043 1093 2242 1159 corde
2286 1095 2595 1177 gemitum

1554 1194 1693 1258 voti
1736 1193 1887 1260 hinc
1928 1204 2149 1280 portat
2191 1197 2512 1281 gaudium.

1552 1421 1747 1490 Assis
1793 1444 1961 1491 nunc
2004 1429 2272 1511 nostris,
2324 1448 2723 1513 quaesumus,

1554 1535 1780 1594 sancte
1825 1527 2086 1607 Quirine
2131 1534 2471 1616 precibus,

1551 1638 1626 1695 ut
1667 1650 2032 1698 mereamur
2075 1620 2367 1702 omnibus
2718 1638 2799 1701 35

1554 1731 1724 1796 solvi
1768 1733 2103 1817 culparum
2146 1738 2441 1803 nexibus.

1552 1944 1804 2008 Praesta
1820 1991 1839 2027 ,
1885 1951 2076 2028 pater
2120 1946 2403 2030 piissime
2449 1955 2570 2013 etc.

375 2126 473 2183 Hs.
524 2145 600 2187 zu
631 2129 905 2185 lliinchen
941 2128 1081 2187 Glm.
1119 2129 1276 2183 6017.
1314 2125 1353 2182 f.
1386 2125 1510 2182 211.
1547 2125 1648 2182 des
1687 2129 1754 2182 15
1794 2126 1993 2183 Jahrb.

372 2252 409 2304 9
455 2250 723 2308 Claudius
769 2250 848 2307 ist
879 2251 999 2307 wol
1035 2251 1093 2305 in
1133 2248 1330 2305 Aelius
1364 2266 1436 2305 zu
1471 2248 1685 2304 andern
1705 2289 1720 2319 ‚
1781 2249 1916 2304 weil
1952 2267 2016 2306 er
2051 2255 2214 2306 unter
2259 2250 2508 2308 Hadrian
2543 2251 2802 2325 getodtet

196 2337 445 2393 wude.-
484 2341 550 2392 11
588 2338 795 2410 plagae,
833 2337 929 2394 Hs.
1003 2340 1072 2393 14
1106 2337 1396 2407 immersit,
1432 2335 1529 2393 Eu.
1603 2338 1673 2390 15
1711 2336 1865 2407 inibi,
1901 2336 1998 2394 Hs.

858 2647 1075 2720 1138.
1151 2645 1484 2747 Hymnus
1537 2644 1627 2718 de
1685 2672 1743 2718 s.
1795 2646 2150 2746 Remigio.

207 2868 566 2935 Psallamus
612 2867 828 2934 cordis
876 2885 1127 2952 organo

198 2971 577 3058 pontificum
620 2973 997 3055 dignissimo

198 3074 266 3137 in
310 3072 436 3138 hoc
478 3081 701 3138 nostro
745 3071 1058 3138 Remedio
1081 3120 1098 3155 ,

199 3175 488 3239 vocitato
533 3173 850 3257 Remigio.

201 3363 326 3442 Qui
368 3363 548 3449 plebi
590 3363 801 3428 lumen
840 3345 1093 3428 miserae
1408 3367 1448 3428 5

200 3467 480 3532 donatus
525 3475 630 3534 est
674 3468 1073 3550 clarescere,

201 3569 374 3635 hauc
416 3569 765 3637 illustravit
808 3571 1041 3635 lumine
1068 3618 1087 3653 ,

198 3670 403 3735 divini
456 3674 640 3739 verbi
685 3675 942 3737 semine.

198 3856 482 3944 Operum
533 3861 599 3923 in
643 3862 1078 3948 magnalibus,

198 3963 376 4027 miris
420 3963 684 4047 fulgens
727 3965 1101 4047 virtutibus,
1370 3967 1450 4031 10

196 4083 359 4149 spes
401 4065 468 4129 in
512 4083 587 4131 se
635 4064 1118 4150 confidentium,

196 4185 462 4232 suarum
507 4177 727 4234 custos
772 4168 1015 4252 ovium,

1550 2865 1902 2950 Languore
1946 2885 2214 2950 pressos
2258 2884 2606 2951 reparans,
2659 2919 2677 2938 .

1549 2979 1901 3037 nocturnos
1949 2971 2172 3035 hostes
2218 2971 2546 3054 effugans,

1450 3142 1455 3147 ,
1550 3074 1636 3138 ad
1684 3073 1811 3139 hoc
1856 3093 1928 3137 se
1976 3072 2221 3163 cunctis
2270 3070 2567 3154 dederat,
2720 3076 2799 3137 15

1550 3184 1622 3241 ut
1666 3184 1934 3242 cunctos
1979 3176 2140 3241 lucri
2179 3175 2444 3240 faceret.

1553 3363 1668 3430 Sic
1711 3362 2064 3449 splendens
2116 3381 2237 3447 per
2282 3359 2628 3443 magnifica

1456 3460 1489 3473 ““
1553 3467 1909 3532 sanctitatis
1956 3466 2238 3549 insignia

1551 3573 1702 3637 hinc
1747 3570 2020 3636 tendens
2066 3569 2375 3653 capitolia

1551 3692 1697 3739 cum
1741 3674 1959 3758 palma
2004 3672 2167 3757 petit
2201 3691 2459 3757 supera.
2716 3671 2800 3735 20

1549 3864 1764 3948 Nunc,
1805 3872 2082 3949 patrone
2124 3864 2444 3948 piissime,

1550 3969 1739 4035 nobis
1781 3986 2093 4034 consessu
2136 3967 2404 4053 proprie
2419 4014 2437 4047 ‚

1438 4116 1446 4124 .
1553 4070 1641 4135 ad
1683 4088 1805 4135 nos
1848 4072 2181 4154 supplices
2227 4070 2514 4154 respice,

1551 4180 1709 4237 vota
1753 4189 2092 4237 servorum
2137 4172 2414 4256 suscipe.

369 4350 406 4404 3
456 4351 565 4407 hoc
586 4347 758 4408 fehlt.
825 4353 1145 4411 Remedium
1188 4355 1351 4411 steht
1396 4308 1493 4411 fiir
1543 4355 1806 4427 oppidum
1841 4355 2139 4413 Remorum
2158 4395 2174 4424 ,
2222 4354 2406 4410 Rem.
2453 4353 2583 4426 Vgl.
2620 4354 2684 4409 V.
2715 4355 2800 4409 22.

196 4438 234 4491 ὅ
268 4436 492 4493 misem
530 4433 677 4494 fehlt
708 4438 909 4495 beiden
943 4440 1069 4498 uss.
1137 4444 1211 4499 22
1246 4441 1733 4514 mouumheide
1768 4442 1895 4500 nam
