3175 5234
331 274 462 340 188

330 463 527 531 Prole
571 460 831 526 tandem
884 460 1290 526 soecundatur

421 573 839 633 consecratus
883 574 1104 630 uterus
1124 614 1141 648 ,

331 670 398 736 in
445 688 572 753 quo
615 669 840 754 proles
882 674 1303 734 consecratur
1504 669 1583 728 15

423 778 572 836 ante
617 778 872 855 partum
916 770 1195 852 genitus.

1690 457 1843 541 (Ad
1885 455 2145 525 Annam
2189 458 2405 526 euneti
2446 467 2820 543 transeant,

1689 562 1944 647 impleri
1992 564 2102 646 qui
2147 562 2522 627 desiderant

1691 667 1775 732 de
1820 667 2381 750 generationibus,

1692 790 1838 853 quae
1881 772 2073 854 virgo
2120 778 2269 836 sunt
2311 779 2379 836 et
2420 769 2648 852 filius.)
2860 771 2950 836 20

509 972 605 1028 Hs.
641 988 711 1026 zu
747 969 1074 1026 Darmstadt
1106 971 1211 1026 No.
1250 971 1372 1026 940.
1408 972 1512 1026 mit
1545 971 1646 1026 der
1681 970 1940 1041 Melodie,
1979 974 2049 1026 14
2081 971 2281 1029 Jahrh.
2352 972 2455 1027 Die
2492 974 2666 1027 letzte
2694 971 2955 1043 Strophe

341 1059 551 1114 weieht
584 1058 659 1113 im
692 1057 992 1111 Versmass
1029 1058 1102 1112 ab
1137 1057 1252 1111 und
1285 1057 1466 1129 hangt
1498 1056 1603 1113 mit
1637 1058 1745 1114 den
1780 1058 2021 1130 vorigen
2056 1058 2212 1115 nieht
2245 1074 2560 1114 zusammen
2577 1099 2591 1128 ‚
2659 1056 2749 1112 ich
2782 1056 2951 1112 halte

334 1147 417 1202 sie
454 1143 551 1201 fflr
586 1145 750 1199 einen
786 1145 994 1199 Znsatz
1029 1143 1143 1197 und
1177 1144 1280 1198 das
1315 1143 1453 1199 Lied
1488 1141 1583 1199 fiir
1617 1144 2060 1217 unvollstindig.

510 1286 545 1340 6
580 1285 780 1340 besser
817 1300 983 1354 quam
1018 1284 1105 1339 als
1141 1290 1219 1339 ut.
1294 1286 1362 1337 16
1398 1288 1615 1355 partus,
1652 1284 1745 1340 Hs.

513 1424 579 1479 V.
618 1426 664 1477 1.
720 1428 899 1491 terra,
941 1426 1176 1492 pontus,
1217 1426 1405 1489 astra,
1445 1421 1534 1476 die
1570 1421 1927 1492 dreitheilige
1964 1421 2146 1477 Welt.
2204 1422 2306 1478 No.
2334 1424 2456 1491 630,
2491 1426 2580 1479 24.
2626 1424 2731 1479 Νο.
2769 1426 2822 1492 4»
2862 1428 2954 1481 21.

336 1509 497 1566 πᾶσα
530 1506 565 1580 ἦ
601 1513 775 1572 κτίσις
811 1511 868 1564 ἐν
904 1507 1202 1581 κυμβάλοις
1237 1510 1537 1581 ψαλμικοῖς
1572 1505 1966 1583 εὐφημήσωμεν
1984 1506 2197 1566 Ἄνναν.
2246 1510 2360 1566 Jnl.
2397 1513 2485 1565 25.
2558 1515 2813 1587 τέρπεται
2850 1510 2955 1582 σή·

334 1615 503 1671 μερον
536 1600 710 1658 κτίσις
745 1594 780 1666 ἡ
817 1595 1104 1667 σύμπασα.
1158 1596 1315 1666 Sept.
1356 1596 1408 1650 9.
1463 1595 1569 1650 No.
1607 1597 1658 1664 4,
1694 1597 1782 1649 21.

514 1699 580 1753 V.
617 1701 808 1754 9-12.
865 1698 1292 1775 καρπογονοῦσα
1329 1697 1362 1769 ἡ
1401 1706 1593 1773 στεῖρα
1628 1699 1761 1771 παρ’
1797 1699 2009 1754 ἐλπίδα.
2064 1699 2197 1755 Dec.
2233 1702 2284 1754 9.

1065 2052 1238 2126 788.
1307 2052 1423 2125 De
1478 2078 1533 2123 s.
1587 2053 1822 2123 Anna.
1900 2049 2219 2149 hymnus.

332 2285 432 2350 De
478 2287 670 2351 stella
713 2288 812 2351 sol
861 2287 1145 2349 oriturus

335 2389 545 2453 stellae
588 2395 857 2452 matrem
904 2386 1158 2470 profert
1199 2387 1379 2469 prius

333 2496 406 2553 ut
448 2489 701 2554 radium
745 2487 909 2552 lueis
956 2504 1146 2550 novae

334 2608 592 2658 summoe
634 2592 787 2656 deus
832 2590 1182 2655 clementiae.

333 2779 532 2846 Anna
576 2779 709 2844 filia
752 2775 1084 2859 Abrahae,
1545 2782 1585 2841 5

336 2902 484 2966 quae
527 2883 705 2948 fulsit
747 2904 832 2946 ex
876 2878 1109 2946 Aaron
1153 2882 1394 2965 stirpe,

336 2987 522 3069 quasi
566 2986 758 3051 stella
802 2986 1142 3069 matutina,

334 3109 373 3157 o
414 3089 690 3171 oloriosa
733 3091 1036 3157 domina!

331 3279 437 3347 Ex
484 3301 612 3364 qua
657 3281 966 3348 eoelorum
1008 3282 1240 3365 regina

331 3384 676 3467 mundique
723 3384 1006 3450 clemens
1046 3382 1322 3466 domina,
1505 3386 1584 3448 10

331 3496 404 3552 ut
446 3486 736 3551 haereses
781 3488 1138 3568 interimat,

334 3607 576 3656 aurora
620 3590 780 3655 lucis
825 3591 1063 3656 rutilat.

332 3776 409 3843 In
451 3772 668 3843 Annae
712 3776 915 3859 prolis
960 3783 1146 3841 utero

332 3896 456 3964 pro
500 3878 689 3943 nobis
733 3877 943 3943 faetus
989 3887 1089 3943 est
1134 3896 1289 3943 caro

1694 2287 1923 2350 aeterni
1960 2286 2167 2369 patris
2211 2284 2409 2367 filius,
2873 2286 2954 2346 15

1693 2389 1921 2455 exultet
1962 2389 2179 2453 coelum
2217 2387 2526 2453 laudibus.

1694 2572 2020 2640 Oonemur
2064 2593 2184 2639 nos
2230 2582 2538 2640 excutere

1693 2674 1775 2740 de
1821 2680 2233 2741 tenebrarum
2279 2678 2552 2761 pulvere

1694 2777 1926 2860 deique
1973 2798 2243 2860 regnum
2290 2797 2585 2860 quaerere

1680 2889 1827 2965 jam
1870 2882 2031 2949 lucis
2073 2889 2209 2949 orto
2253 2884 2473 2949 sidere.
2862 2882 2953 2946 20

1692 3071 1746 3136 Ο
1789 3078 1995 3136 mater
2038 3072 2414 3137 beatissima

1691 3195 1833 3242 eum
1879 3175 2068 3259 prole
2113 3175 2638 3257 clementissima,

1688 3294 1891 3361 posee
1938 3295 2196 3361 semper
2239 3294 2441 3361 prece
2486 3275 2597 3359 pia

1690 3382 1873 3448 beata
1914 3381 2098 3447 uobis
2139 3381 2393 3463 aaudia.

1689 3568 1943 3633 Praesta
1985 3567 2313 3632 laudanda
2358 3567 2643 3648 trinitaS,
2861 3567 2949 3629 25

1692 3670 1778 3736 da
1821 3671 2155 3735 adoranda
2200 3672 2446 3752 unium,

1689 3785 1761 3841 ut
1803 3776 2271 3840 transferamur
2316 3774 2577 3840 candidi

1690 3881 1775 3946 ad
1816 3898 2052 3946 coenam
2101 3883 2251 3962 aym·
2289 3880 2553 3962 providi.

508 4081 606 4138 Hs.
642 4098 711 4135 zu
749 4079 1033 4151 Bamberg
1068 4079 1164 4133 Ed.
1203 4079 1319 4149 vn,
1357 4084 1442 4136 35.
1483 4084 1549 4136 15
1590 4082 1785 4139 Jahrb.
1821 4085 1951 4156 (A).
2021 4084 2117 4138 Hs.
2153 4101 2223 4138 zu
2259 4084 2317 4140 S.
2358 4085 2529 4138 Peter
2565 4084 2623 4137 in
2659 4081 2950 4154 salzburg

337 4167 406 4236 V,
441 4170 492 4223 8.
531 4168 631 4222 des
668 4171 735 4221 15
771 4166 969 4223 Jahrb.
1008 4166 1082 4220 acl
1118 4172 1424 4223 nocturnos
1461 4170 1698 4240 hymnus
1738 4170 1864 4238 (B).
1935 4170 2038 4225 Bei
2073 4171 2267 4226 Daniel
2298 4174 2348 4238 1,
2383 4171 2490 4225 288
2532 4172 2658 4242 (C).

508 4254 611 4309 Die
665 4254 1068 4310 Sehlussverse
1133 4254 1337 4326 obiger
1399 4255 1686 4325 Strophen
1751 4255 1876 4311 sind
1943 4273 2046 4312 aus
2109 4257 2217 4313 den
2262 4255 2567 4329 Anffingen
2639 4255 2948 4328 folgenden·

333 4339 589 4410 Hymnen
626 4342 903 4397 entlehnt:
968 4342 1158 4397 Daniel
1192 4344 1236 4411 1,
1272 4343 1360 4396 34.
1396 4344 1482 4397 56.
1514 4344 1637 4397 247.
1673 4344 1786 4398 und
1819 4344 1925 4398 No.
1963 4346 2086 4402 434.
2124 4346 2241 4399 141.
2286 4346 2403 4400 183.
2441 4348 2560 4399 161.
2632 4343 2947 4400 Aehnliche

334 4425 536 4482 Lieder
572 4428 631 4482 in
666 4428 772 4483 No.
810 4430 928 4483 129.
966 4431 1086 4485 130.

511 4567 540 4617 1
581 4565 765 4621 oritur
800 4568 866 4623 A.
920 4573 955 4624 2
995 4570 1219 4626 stellam
1256 4572 1320 4640 B,
1356 4587 1531 4641 purus
1570 4573 1679 4629 Bc.
1735 4575 1767 4627 5
1803 4574 1974 4632 Abrae
2011 4575 2070 4632 C.
2125 4578 2192 4630 21
2232 4573 2588 4629 sanctissima
2603 4574 2667 4643 A,
2705 4572 2863 4627 clem.
2883 4571 2945 4628 C.

333 4654 405 4706 22
441 4651 588 4707 beat.
625 4651 686 4708 C.
