3175 5234
212 476 449 543 Nautae
490 476 778 543 tn‘bulati
1567 479 1657 547 ad
1705 488 1770 548 te
1817 479 2298 548 nondam-tos

214 579 589 646 turbulento
632 580 797 644 mari
1558 582 1728 669 juva
1770 602 1972 669 prece
2014 591 2144 649 tua.

213 689 287 746 ut
329 689 396 746 te
440 689 877 761 vocaverunt,

214 784 416 849 cessit
461 803 650 868 aquae
694 793 923 851 motus,
1378 788 1467 851 20
1567 792 1672 861 Sit
1714 796 1858 863 lans
1904 795 2030 863 deo
2075 798 2248 882 patri
2268 846 2285 881 ,
2730 799 2814 863 28

1568 916 1817 964 summo
1863 897 2126 965 Christo
2176 900 2404 983 decus,

210 994 353 1060 Nou
395 995 460 1059 in
505 995 699 1080 hujus
742 997 963 1063 mundi
1567 999 1824 1083 spiritui
1867 1009 2093 1067 sancto

212 1103 605 1180 tempestate
659 1114 840 1163 saeva
960 1145 969 1153 .
1566 1101 1777 1166 trinus
1822 1101 2026 1167 horor
2068 1123 2251 1171 unus.

391 1307 489 1362 Hs.
522 1323 593 1362 zu
628 1306 686 1363 S.
713 1308 857 1364 Paul
891 1309 951 1364 in
989 1310 1241 1364 Kirnten
1276 1308 1383 1365 No.
1415 1310 1499 1365 13.
1544 1306 1586 1365 f.
1609 1310 1695 1365 68.
1732 1310 1833 1366 des
1871 1314 1938 1366 15
1965 1312 2160 1368 Jahrb.
2238 1314 2398 1370 Naeb
2425 1314 2547 1370 dem
2574 1313 2811 1371 Matien-

212 1394 363 1449 liede
396 1395 519 1449 Ave
553 1395 727 1451 maris
761 1395 931 1452 stella
966 1395 1241 1469 gemacht.
1312 1395 1419 1453 No.
1456 1396 1580 1452 496.

385 1545 422 1596 2
459 1544 707 1615 gemine,
744 1543 839 1598 Hs.
931 1546 999 1599 12
1039 1543 1235 1614 loeus,
1282 1543 1378 1600 Rs.
1451 1544 1520 1599 16
1555 1544 1693 1601 telle
1727 1544 1976 1616 pravtm,
2025 1546 2121 1603 Hs.
2195 1548 2265 1601 19
2299 1551 2666 1616 vetaverunt,
2712 1546 2805 1603 fle.

210 1630 285 1684 23
321 1629 645 1700 clamantes,
683 1631 777 1687 Hs.

1068 1998 1285 2075 1101.
1360 2000 1479 2072 De
1526 2024 1582 2071 s.
1632 1996 1957 2072 Nicolao.

211 2267 442 2349 Pange
486 2265 709 2349 lingua
751 2265 1003 2332 Nicolai
1656 2272 1882 2333 nervat
1923 2272 1993 2331 et
2036 2264 2386 2346 distribuit,

300 2370 602 2454 praesulis
646 2371 1043 2454 praeconium
1061 2419 1081 2454 ,
1569 2370 1684 2454 qu?
1725 2370 2035 2436 timebant
2076 2365 2455 2451 naufragari
2471 2412 2489 2448 ,

216 2480 291 2539 ut
331 2490 453 2537 nos
487 2492 768 2540 summus
815 2474 1082 2559 adonai,
1655 2472 1868 2540 nautis
1912 2490 2104 2557 opem
2149 2471 2388 2536 tribuit.

302 2594 424 2638 rex
468 2581 536 2639 et
576 2583 767 2659 pater
811 2576 1122 2660 omnium,
2212 2635 2218 2641 .

216 2676 305 2743 fid
349 2678 572 2744 salutis
615 2688 873 2764 portum
919 2680 1092 2747 trahi
1186 2710 1195 2714 ·
1423 2682 1461 2745 5
1569 2688 1639 2756 A
1682 2689 2004 2755 defunctis
2049 2686 2428 2767 suseitatur,
2733 2684 2815 2748 2⁵

308 2781 508 2846 faciat
550 2801 672 2866 per
714 2783 931 2848 filium.
1657 2793 1893 2858 furtum
1940 2790 2050 2874 qui
2093 2789 2537 2872 commiserat,
2583 2778 2614 2799 ⁰

1571 2903 1639 2961 et
1686 2894 1957 2962 Judaeus
2000 2895 2371 2977 baptizatur

214 2990 381 3057 Dum
424 2992 745 3077 penderet
788 2992 874 3058 ad
918 2994 1325 3062 mammillam
1659 3016 2009 3080 aurumque
2058 3002 2436 3079 recuperat,

305 3096 527 3162 matris
550 3145 567 3180 ,
613 3100 696 3163 ab
739 3098 1004 3163 infantia
1570 3102 1667 3167 illi
1709 3101 1846 3165 vita
1889 3106 2323 3179 restauratur,

219 3200 453 3286 quarta
496 3200 698 3265 semel
739 3202 903 3267 bibit
944 3200 1120 3266 illan
1659 3205 1768 3271 bie
1811 3203 1897 3269 ad
1941 3202 2136 3267 fidem
2180 3209 2511 3285 properat.
2735 3200 2819 3264 30

307 3312 503 3388 atque
548 3302 736 3368 sexta
778 3303 977 3389 feria,
1385 3308 1467 3371 10

223 3428 306 3474 ne
352 3428 475 3493 per
518 3407 706 3474 laetis
747 3428 913 3493 puer
957 3410 1194 3476 stillam
1569 3416 1868 3499 Nicolae,
1919 3411 2328 3479 sacerdotum

310 3513 600 3581 solveret
633 3512 905 3598 jejunia.
1660 3522 1901 3603 bonor,
1945 3519 2183 3598 virtus,
2229 3515 2476 3599 gloria,

1570 3626 1831 3710 plebem
1879 3640 2130 3687 omnem
2146 3669 2163 3704 ,
2209 3619 2454 3686 elerum
2498 3625 2700 3684 totum
2716 3665 2734 3701 ,

224 3723 619 3792 sublimatus
665 3725 750 3791 ad
797 3728 1106 3793 bonorem
1659 3733 1910 3793 mentes
1927 3774 1944 3809 ,
1992 3742 2251 3808 manus,
2296 3722 2471 3788 labia

311 3828 621 3893 Nicolaus
665 3829 965 3913 praesulis
1570 3830 1659 3897 ad
1701 3827 2104 3896 reddendum
2150 3826 2278 3893 deo
2323 3834 2544 3892 votum
2737 3825 2821 3890 3⁵

222 3932 486 4018 pietatis
533 3937 732 3996 tautae
776 3949 991 3997 rorem
1387 3934 1467 3998 15
1661 3941 1773 3999 tua
1808 3932 2004 4018 juvet
2048 3931 2281 4015 gratia.

313 4036 561 4102 eunetis
603 4036 769 4121 pluit
810 4036 1087 4120 populis,

231 4145 302 4203 ut
344 4157 468 4205 nee
512 4158 737 4223 parem
778 4158 906 4205 nee
947 4138 1263 4225 majorem
1576 4146 1679 4214 Sit
1722 4148 1865 4213 laus
1909 4165 2174 4215 summae
2219 4142 2519 4223 trinitati,

310 4240 627 4305 baberent
658 4236 733 4307 'in
780 4241 1054 4308 saeculis.
1659 4250 1869 4315 virtus
1912 4257 1981 4313 et
2023 4247 2297 4312 victoria
2316 4294 2332 4327 ,

1575 4373 1722 4439 quae
1767 4351 1879 4417 det
1924 4351 2147 4436 nobis,
2193 4358 2264 4415 ut
2308 4349 2484 4416 beati
2519 4399 2529 4410 .

223 4440 411 4522 Auro
457 4455 612 4521 dato
655 4456 889 4521 violari
1662 4456 1915 4522 Nioolai
1960 4452 2201 4538 gaudia
2741 4451 2825 4518 40

313 4559 604 4643 virgines
646 4560 999 4646 probibuit,
1385 4561 1467 4627 20
1577 4580 2001 4645 assequamur
2043 4558 2317 4624 laureati

227 4663 330 4728 far
372 4663 439 4728 in
481 4664 681 4751 fame,
724 4683 845 4731 vas
884 4665 955 4730 in
996 4664 1161 4730 mari
1659 4672 1810 4750 post
1856 4665 2053 4729 vitam
2095 4663 2163 4729 in
2207 4663 2441 4750 patria.
