3175 5234
1343 664 1518 737 979.
1577 663 1694 734 De
1744 659 2009 733 eadem.

676 867 807 952 Eja
850 867 1120 948 fratres,
1177 865 1586 930 celebremus
1638 883 1824 949 purae
1867 862 2098 926 mentis
2142 861 2413 927 vocibus

678 970 884 1036 coelos
930 988 1131 1053 supra
1177 969 1473 1033 exaltata
1516 968 1790 1051 virginis
1835 966 2184 1050 praeconia.

678 1157 832 1225 Ave
876 1160 1097 1241 virgo,
1144 1159 1527 1241 angelorum
1573 1175 1846 1222 consors
1892 1155 2067 1220 mille
2109 1155 2399 1238 millium,

681 1263 929 1326 sociata
975 1270 1040 1325 et
1085 1262 1185 1326 bis
1231 1261 1417 1324 senis
1461 1261 1622 1325 viris
1667 1259 2057 1344 apostolicis.

677 1365 807 1448 Eja
853 1364 1094 1428 fratres
1140 1371 1264 1428 etc.

683 1552 779 1618 Tu
827 1553 1115 1617 concivis
1164 1550 1631 1634 prophetarum
1676 1556 1744 1614 et
1788 1550 2063 1614 coheres
2104 1557 2491 1633 martyrum,

684 1665 874 1741 grata
920 1656 1137 1720 choris
1185 1656 1634 1720 confessorum
1679 1664 2174 1736 sanctarumque
2221 1655 2558 1737 virginum.

681 1760 809 1844 Eja
854 1768 976 1824 cet.

680 1950 796 2015 His
842 1950 1189 2032 conjuncta
1234 1967 1493 2031 semper
1537 1947 1690 2011 fave
1737 1954 1966 2013 sancto
2012 1947 2453 2012 sublevamine

679 2052 1091 2118 intercedens
1135 2070 1259 2138 pro
1305 2051 1646 2116 commisso
1692 2051 1967 2115 omnium
2012 2051 2290 2135 piaculo.

680 2158 810 2242 Eja
855 2164 975 2222 cet.

683 2349 778 2413 'l'e
824 2354 1136 2432 precante
1180 2364 1406 2427 regem
1449 2366 1679 2428 regum
1722 2345 2072 2410 sentiamus
2116 2343 2440 2429 placidum

672 2450 1095 2535 judicemque
1141 2447 1529 2512 saeculorum
1573 2449 1961 2516 indultorem
2007 2449 2356 2514 criminum.

682 2552 811 2636 Eja
857 2558 978 2615 cet.

686 2740 959 2818 Quando
1003 2739 1188 2801 venis
1231 2746 1673 2822 praeparatum
1716 2739 1928 2805 locum
1975 2739 2059 2803 ad
2105 2740 2602 2823 sanctissimum,

686 2845 774 2907 sis
819 2841 1151 2926 precatrix
1193 2850 1496 2926 prompta
1539 2842 1787 2913 cunctis
1833 2849 2194 2927 temporum
2241 2843 2594 2908 curriculis.

682 2946 814 3030 Eja
855 2951 976 3010 cet.

667 3138 815 3203 ,Per
861 3142 924 3199 te
971 3153 1236 3198 summae
1283 3133 1552 3197 trinitati
1600 3134 1682 3197 sit
1728 3134 2036 3218 perennis
2082 3134 2297 3217 gloria

684 3259 856 3306 nunc
901 3246 968 3303 et
1013 3257 1274 3323 semper
1320 3245 1387 3302 et
1430 3258 1554 3321 per
1598 3246 1829 3303 cuncta
1874 3240 2259 3305 saeculorum
2306 3239 2564 3308 saeeula.

549 3426 668 3480 Aus
704 3423 1001 3480 derselbeu
1036 3422 1129 3478 Hs,
1167 3422 1267 3476 mit
1301 3422 1562 3475 Neumeu.

713 3742 886 3814 980.
953 3740 1069 3811 De
1122 3766 1176 3810 s.
1229 3738 1499 3811 Rarolo
1553 3741 1993 3839 imperatore.
2055 3739 2459 3839 antiphona.

790 3960 1028 4043 Regali
1072 3968 1260 4025 uatus
1307 3960 1390 4024 de
1432 3962 1637 4045 stirpe
1685 3961 1939 4045 deoque
1984 3963 2298 4044 probatus

791 4065 1074 4130 Karolus
1118 4065 1359 4130 illicitae
1405 4066 1656 4151 sprevit
1699 4068 2004 4150 contagia
2048 4066 2218 4130 vitae.

809 4252 1118 4338 Angelici
1163 4253 1371 4318 cultus
1420 4252 1762 4317 dulcedine
1806 4252 1989 4317 miles
2037 4253 2292 4319 adultus

799 4359 949 4423 dum
994 4358 1407 4439 sublimatur,
1453 4356 1704 4420 coelesti
1747 4375 1918 4439 pane
1964 4357 2234 4422 cibatur.

792 4544 1038 4612 Sacros
1082 4545 1353 4611 effectus
1398 4545 1654 4610 virtutis
1700 4563 1909 4610 caesar
1955 4543 2230 4629 adeptus

793 4647 1056 4711 humani
1096 4649 1302 4713 fastus
1347 4650 1704 4732 populares
1751 4649 2000 4732 respuit
2044 4658 2242 4715 astus.

2913 2452 2999 2516 10
