3175 5234
2668 220 2803 288 31⁵

912 609 1090 683 941.
1156 609 1567 709 Hympnum
1620 636 1676 682 s.
1729 607 2047 710 Georgii.

189 811 391 878 Gesta
434 822 803 879 sanctornm
850 819 1208 897 martyrum
1539 811 1650 878 Ira
1695 832 2009 880 accensus
2054 823 2369 900 tyrannus

181 915 560 980 meminisse·
583 915 940 999 jocundum
976 923 1087 978 est
1539 935 1799 999 poenam
1840 918 2088 982 inuexit
2131 921 2431 1004 martyri,

182 1026 254 1083 et
297 1020 362 1083 in
408 1035 630 1084 eorum
673 1019 969 1083 laudibus
1541 1019 1807 1101 flagella
1852 1039 2063 1103 saeva,
2110 1041 2445 1105 carceres,

182 1119 293 1184 dei
338 1137 576 1186 canere
621 1121 913 1203 gloriam.
1541 1135 1726 1183 seras
1773 1121 1912 1185 sive
1957 1124 2360 1205 sartagine83
2708 1127 2797 1190 20

184 1308 509 1392 Georgius
555 1304 794 1372 Christi
838 1307 1023 1372 miles
1395 1309 1435 1369 5
1541 1307 1717 1385 Quos
1761 1308 1870 1372 ille
1916 1327 2043 1374 non
2090 1315 2502 1397 contremuit,

183 1421 368 1478 ortus
411 1419 513 1478 est
551 1410 1020 1495 Cappadociae,
1540 1411 1944 1477 confortatus
1989 1433 2027 1476 a
2070 1412 2363 1496 domino,

184 1516 339 1597 quia
381 1535 553 1580 vana
596 1513 810 1580 mundi
857 1514 1131 1599 respuit,
1540 1511 1658 1576 sed
1687 1514 1910 1594 magis
1954 1514 2020 1577 in
2062 1516 2307 1599 populo

181 1624 508 1682 mercatus
553 1624 655 1680 est
699 1615 1006 1680 coelestia.
1540 1611 1787 1678 fructus
1833 1613 2088 1679 divinos
2116 1615 2361 1682 intulit.

182 1806 528 1872 Pecuniam
549 1857 563 1882 ,
610 1824 800 1887 quam
847 1806 1083 1869 tulerat
1538 1800 1856 1883 Reginam
1905 1797 2377 1865 Alexandriam
2709 1805 2791 1868 25

181 1912 456 1991 propter
501 1907 815 1971 honorem
857 1905 1153 1988 fragilem
1175 1954 1192 1983 ,
1353 1905 1435 1968 10
1540 1904 1804 1968 vocavit
1848 1902 1933 1966 ad
1982 1891 2357 1986 martyrium
2375 1953 2391 1986 ‚

184 2008 648 2094 fide-repletus
695 2008 932 2073 domini
1542 2007 1929 2090 contempsit
1971 2008 2190 2070 mundi
2232 2007 2608 2092 thesaurOS,

183 2114 418 2197 stipem
463 2111 640 2176 dedit
684 2112 1098 2196 pauperibus.
1415 2177 1424 2184 ,
1542 2109 1649 2174 dei
1695 2126 2001 2174 coronam
2045 2111 2297 2174 meruit.

184 2300 366 2365 Tunc
410 2298 758 2383 conpulsus
802 2318 842 2362 a
886 2296 1218 2382 principe,
1537 2299 1653 2364 Bis
1697 2300 1900 2365 ternis
1946 2301 2130 2364 annis
2177 2309 2244 2365 et
2287 2317 2414 2366 uno
2460 2298 2469 2306 ’

183 2404 361 2468 saxis
405 2411 561 2467 vota
605 2401 1020 2486 persolvere,
1538 2402 1755 2468 mundi
1804 2404 2205 2492 triumphans
2251 2404 2612 2488 principem
2702 2404 2792 2468 30

183 2528 331 2592 quae
375 2509 485 2573 ille
528 2526 650 2591 per
694 2506 889 2571 fidem
935 2505 1175 2569 Christi
1353 2507 1433 2566 15
1539 2493 1800 2571 cervice
1845 2523 2018 2570 caesa
2067 2504 2288 2588 gladio

97 2621 102 2626 ’
183 2611 570 2697 profundum
612 2613 835 2676 mersit
878 2611 1120 2693 abyssi.
1166 2688 1175 2697 ⁸
1413 2687 1436 2706 .
1537 2609 1841 2691 migravit
1887 2609 1971 2674 ad
1996 2609 2324 2674 coelestia.

253 2759 264 2769 '
367 2778 463 2833 ns.
497 2795 568 2833 zu
601 2777 845 2833 naiman
887 2777 1080 2834 m.25.
1133 2779 1200 2830 15
1229 2777 1434 2833 Jahrb.
1505 2775 1618 2830 nor
1653 2777 1903 2847 Hymnus
1941 2777 2015 2832 ist
2051 2776 2522 2831 wamschoinnoh
2562 2772 2657 2832 far
2692 2775 2783 2830 «110

207 2863 416 2919 Kirche
451 2864 591 2921 San·
569 2864 828 2936 -Giorgio
864 2864 922 2918 in
956 2862 1206 2918 mailand
1240 2862 1502 2936 gemacht
1535 2862 1802 2930 worden,
1839 2863 1985 2918 denn
2020 2879 2081 2917 es
2118 2863 2229 2933 gilt
2264 2879 2379 2918 von
2406 2863 2521 2918 ihm
2555 2863 2646 2918 die
2682 2863 2789 2918 Be-

199 2950 478 3023 merkung
525 2968 596 3005 an
644 2951 763 3006 dem
817 2950 1068 3021 Hymnus
1121 2948 1228 3005 anf
1272 2950 1381 3005 den
1433 2948 1484 3003 h.
1540 2948 1872 3005 Ambrosius
1922 2949 2027 3003 No.
2073 2950 2193 3003 780.
2282 2948 2382 3003 Die
2419 2947 2792 3018 Behandlnng

198 3037 313 3093 und
352 3036 443 3091 die
478 3035 917 3108 Sprachformen
951 3036 1240 3092 beweisen
1280 3035 1380 3091 das
1415 3034 1564 3091 hohe
1599 3034 1764 3090 Alter
1800 3019 2110 3090 desselben.

367 3160 405 3212 4
441 3129 534 3214 dei
568 3156 711 3215 fehlt
747 3159 848 3213 der
884 3158 980 3214 Hs.
1073 3161 1106 3211 5
1143 3156 1520 3225 mille3,11s.‚
1577 3173 1645 3212 so
1686 3159 1720 3210 9
1758 3155 2014 3225 tullerat‚
2068 3159 2141 3210 24
2175 3117 2404 3211 intullit.
2495 3157 2531 3209 6
2566 3157 2786 3227 Cappa-

186 3245 362 3314 dotie,
398 3246 493 3301 lla.
554 3249 603 3299 7.
640 3249 725 3301 27.
760 3247 831 3300 30
865 3235 1073 3313 mondi,
1109 3244 1206 3299 Hs.
1257 3243 1291 3297 8
1327 3197 1664 3312 merch’atus,
1701 3244 1796 3300 Hs.
1851 3247 1918 3297 15
1955 3260 2114 3314 quos,
2151 3243 2247 3298 Hs.
2318 3243 2387 3298 18
2413 3257 2666 3314 pennam,
2696 3242 2797 3298 Hs.-

181 3333 254 3387 25
286 3333 681 3428 Alesand.11s.
754 3333 825 3387 30
861 3332 1233 3404 triumphatus
1269 3330 1538 3402 principe,
1572 3331 1669 3386 Hs

684 3617 854 3692 942.
911 3618 999 3689 In
1051 3617 1409 3688 nativitate
1458 3577 1521 3686 s.
1576 3610 1875 3712 Georgii
1927 3613 2272 3712 martyris.

181 3817 297 3889 Ad
342 3819 575 3884 festum
619 3820 781 3884 tanti
826 3820 1131 3902 martyris
1543 3815 1720 3883 Ecce
1763 3824 1914 3901 post
1957 3818 2164 3910 prima
2209 3818 2463 3901 proelia

185 3930 534 3989 concurrat
576 3924 766 4008 plebs
811 3922 1135 4005 amabilis,
1385 3949 1388 3952 ¹
1544 3918 1993 4003 Stephanique
2045 3920 2399 3985 certamina
2716 3919 2796 3982 10

185 4028 602 4092 solemnitate
650 4026 907 4096 domino
1545 4022 1986 4105 agonistarum
2028 4021 2344 4084 ‘maximus

184 4129 351 4196 odas
397 4130 691 4195 canendo
738 4130 1153 4213 rhythmicas.
1542 4127 1844 4192 inventus
1891 4133 1992 4190 est
2036 4124 2378 4205 Georgius.

184 4288 309 4356 Hic
354 4299 456 4355 est
500 4291 610 4355 ille
658 4289 980 4374 Georgius
1000 4339 1022 4374 ‚
1399 4293 1437 4355 5
1542 4290 1615 4357 In
1661 4292 1867 4356 tribus
1913 4286 2127 4354 mundi
2172 4287 2470 4371 partibus

187 4391 436 4457 athleta
480 4392 723 4459 Christi
766 4403 1096 4479 strennus,
1544 4401 1615 4459 et
1654 4391 1985 4476 quaternis
2025 4389 2383 4456 climatibus

186 4494 376 4579 cujus
419 4498 745 4579 praeclara
785 4500 1017 4563 merita
1544 4495 1632 4562 ad
1675 4497 1907 4561 coelum
1949 4512 2156 4578 usque
2198 4491 2495 4557 laudibus
2713 4490 2799 4553 1³

185 4600 427 4682 probat
470 4610 677 4669 mater
723 4604 1019 4671 ecclesia.
1544 4608 1645 4668 est
1691 4611 2026 4687 promotus
2071 4600 2413 4685 Georgius.
