3175 5234
545 261 680 327 512

547 447 708 514 Sion
752 440 1211 529 conquerere.“

547 550 835 635 querelae
878 549 1178 633 planctus
1225 565 1479 631 asperae

547 662 616 719 et
656 654 952 737 ploratus
997 650 1191 716 audio

547 758 731 823 vocis
777 763 844 821 et
884 754 1196 838 loquelae,
1299 776 1304 785 ·

1900 440 2143 507 nullum
2185 448 2401 506 metue

1901 547 2187 629 nullique
2234 546 2415 612 cede.

1712 648 1796 710 3ο
1900 733 2048 798 Νο11
2090 733 2423 817 permittat
2470 731 2629 797 deus

547 862 767 927 mixtae
814 866 962 924 gunt
1007 857 1314 941 suspirio,
1369 872 1378 879 ·
1902 844 1969 901 te
2014 832 2501 902 succumbere.“
2968 838 3037 899 50*

548 970 945 1054 planguntur
992 988 1032 1031 a
1073 963 1433 1031 Raohaele:
1902 938 2117 1002 ”⁰11⁰ss
2162 938 2568 1057 Phfflfissaeusa

814 1084 824 1092 ·
1904 1043 2117 1106 nullus
2161 1042 2529 1125 philistaeus
2550 1089 2568 1123 ‚

553 1149 839 1235 „Surge,
884 1170 1109 1236 pugna
1151 1156 1318 1232 tute,
1903 1142 2117 1207 nullus
2163 1143 2536 1224 gebirzaeus
2626 1156 2631 1162 “

549 1262 697 1320 tuos
745 1274 888 1320 oum
933 1257 1173 1320 virtute
1716 1251 1799 1313 35
1904 1246 2245 1327 nullusque
2289 1245 2546 1310 ethaeus

549 1355 773 1420 hostes
803 1363 1086 1420 *contere
1110 1402 1128 1438 ,
1905 1357 2135 1415 eontra
2181 1347 2590 1432 Stephanum
2967 1342 3006 1400 55

550 1476 749 1540 surge
794 1458 1032 1538 libere,
1904 1466 2209 1542 poterant
2252 1458 2627 1542 praevalere

548 1560 742 1643 pulsa
786 1559 1101 1647 servitute
1906 1560 2095 1642 eique
2135 1577 2413 1642 nooere3

551 1680 788 1743 agnum
833 1642 1142 1743 sequere,
1905 1661 2216 1727 sederunt

549 1760 659 1826 hio
707 1782 826 1825 rex
872 1762 1102 1843 gloriae
1123 1809 1140 1842 ‚
1715 1763 1798 1825 40
1864 1768 1972 1828 ‘et
2017 1763 2252 1828 devicti

551 1864 722 1928 stola
765 1864 1025 1945 corsua,
1059 1865 1364 1930 *bravium
1905 1873 2083 1947 sunt,
2130 1865 2353 1930 afflicti
2896 1881 2903 1891 ·
2965 1852 3001 1913 ⁶⁰

550 1966 847 2031 vietoriae
871 2015 889 2049 ,
1904 1977 2295 2053 manserunt.
2398 1968 2403 1969 ⁷

550 2067 703 2133 hino
745 2068 853 2151 pie
898 2068 1331 2151 conplectere.

607 2194 616 2202 ·
1016 2222 1020 2227 ,
1909 2156 2288 2225 Esurientes

552 2254 793 2340 Spera,
842 2257 1072 2338 erede,
1912 2266 1979 2324 et
2022 2260 2315 2323 sitientes

550 2360 729 2424 nulla
774 2358 955 2425 oaede
1000 2359 1195 2441 cede,
1718 2361 1801 2424 45
1910 2362 2247 2444 vixerunt,

544 2460 739 2543 juxta
787 2459 869 2524 de
914 2458 1220 2524 mercede
1910 2483 2133 2530 omnes
2183 2465 2543 2548 perierunt.
2954 2444 2997 2507 ⁶⁵

728 2644 819 2698 Hs,
857 2659 926 2698 zu
963 2643 1133 2699 Gratz
1167 2646 1345 2716 42s51.
1382 2647 1452 2699 13
1487 2644 1686 2701 Jahrb„
1723 2647 1825 2702 mit
1859 2646 2124 2703 Neumen.

734 2758 810 2827 10'
837 2752 949 2859 11111,
983 2774 1081 2829 Hs.
1150 2777 1217 2828 21
1258 2775 1633 2847 turpitudinis,
1669 2776 1766 2833 Hs.
1844 2778 1917 2833 28
1953 2777 2387 2847 conquere,.Hs.

1374 3127 1594 3201 1162.
1667 3128 1783 3200 De
1836 3153 1890 3200 s.
1942 3127 2332 3227 Stephano.

549 3363 677 3431 Eia
718 3365 908 3448 plebs
952 3364 1213 3430 levitica
1231 3413 1249 3449 ‚
1906 3369 2267 3451 Stephanus
2307 3370 2535 3452 plenus
2577 3363 2769 3450 gratia

547 3469 615 3532 in
663 3467 923 3533 laudem
967 3468 1075 3533 dei
1118 3487 1403 3536 consona
1419 3520 1437 3554 ‚
1903 3470 2179 3555 faciebat
2219 3474 2539 3557 prodiyia,

551 3567 873 3653 Stephani
917 3591 1134 3654 pange
1180 3575 1435 3640 rutilam
1906 3580 2091 3658 siqua
2132 3596 2366 3659 maana
2409 3581 2480 3645 in
2520 3572 2760 3661 popvlo,
2960 3541 3001 3605 ¹⁵

550 3672 877 3755 passionis
924 3675 1297 3758 victoriam,
1908 3678 2150 3755 doeens
2195 3678 2439 3746 Christi
2481 3672 2783 3760 magnalia

551 3773 662 3855 qui
702 3781 1051 3839 coronatus
1097 3776 1318 3859 lapide
1759 3783 1800 3844 5
1905 3802 2027 3866 per
2069 3781 2447 3848 Judaeorum
2495 3779 2750 3865 agmina.

548 3877 793 3961 primus
845 3877 1057 3959 fulget
1087 3877 1166 3955 ,111
1211 3878 1486 3962 agmine.
1905 3884 2077 3951 unde
2122 3886 2425 3951 zelabant
2468 3883 2738 3959 nimium,

1905 3990 2168 4054 levitam
2218 3989 2723 4055 dissertissimum
2957 4048 3004 4114 w

547 4086 660 4155 Ad
707 4087 880 4155 dona
925 4091 1135 4156 saneti
1178 4092 1443 4176 spiritus

548 4190 989 4274 dispertienda
1033 4195 1337 4275 gentibus

547 4294 907 4376 septiformi
952 4313 1073 4378 pro
1118 4314 1384 4362 munere

549 4396 891 4477 elegerunt
932 4400 996 4463 in
1043 4402 1271 4466 ordine
1718 4406 1799 4471 10
1905 4411 2028 4490 Qui
2069 4414 2136 4478 in
2180 4414 2365 4479 vultu
2409 4411 2720 4496 angelico,

549 4506 798 4580 septem
842 4503 1022 4568 viros
1069 4508 1365 4588 apostoli.
1902 4515 2083 4579 fonte
2126 4516 2419 4599 repletus
2461 4509 2750 4597 mystiwv

548 4615 820 4681 quornm
864 4623 1027 4668 unus
1071 4609 1380 4673 mirabilis
1802 4704 1809 4711 .
1903 4625 1977 4683 ut
2019 4621 2175 4686 tuba
2218 4627 2411 4685 sonat
2454 4610 2694 4684 ductilis
2766 4628 2770 4631 *

1906 4100 1977 4157 nt
2022 4113 2167 4157 eum
2211 4095 2354 4159 neci
2397 4091 2742 4164 traderent,

1904 4192 2145 4261 Christi
2189 4211 2423 4265 nomen
2469 4179 2878 4273 extinguerent
