3175 5234
2659 311 2793 375 3⁴9

357 494 428 548 1⁰
461 493 536 548 ad
570 489 684 548 OD.
767 492 837 548 13
872 490 976 548 das
1010 491 1137 550 eine
1172 492 1263 550 die
1298 489 1443 550 fehlt
1476 491 1602 560 OD,
1667 488 1819 548 festo
1856 492 1965 549 GD.
2054 495 2123 547 21
2160 497 2303 552 statt
2337 496 2534 552 dueum
2570 496 2790 554 scheint

177 583 289 638 mir
326 581 517 636 decem
551 579 841 652 richtiger,
880 580 1024 635 donn
1053 580 1198 636 Karl
1230 580 1308 635 ist
1341 580 1468 635 hier
1502 581 1606 636 mit
1640 579 1821 635 David
1857 580 2186 652 verglichen
2221 580 2365 636 nach
2403 584 2432 634 1
2470 580 2606 654 Reg.
2632 584 2714 652 18,
2733 586 2784 638 7.

176 671 249 724 29
277 668 510 723 deornm
538 667 649 736 OD,
684 666 914 722 invertit
939 669 1007 722 A.
1079 668 1151 720 30
1163 654 1461 738 'confregit
1482 667 1544 721 B.
1615 668 1686 721 38
1714 667 1936 721 vinctus
1965 669 2024 724 C.
2094 669 2166 721 44
2190 666 2381 723 Jesum
2410 668 2694 724 Christum
2725 670 2782 724 D.

180 759 250 811 52
286 756 407 812 vita
441 756 506 811 D.
577 756 646 809 55
685 754 931 826 gloriam
965 754 1029 809 D.
1103 754 1173 808 56
1210 753 1467 810 Christus
1502 753 1564 811 C.
1638 755 1708 808 58
1744 760 1910 827 gesta
1945 757 2012 810 A.

257 915 266 919 -
359 878 423 935 ln
472 880 631 934 einer
664 878 761 934 Hs.
809 877 912 934 der
946 878 1284 950 Tngzeiten,
1349 878 1440 934 (lie
1486 879 1562 934 im
1599 881 1666 936 15
1701 878 1897 935 Jahrh.
1936 879 1992 933 in
2027 879 2372 936 Frankreich
2407 880 2782 952 geschrieben

179 967 379 1021 wurde
415 965 527 1022 und
561 966 682 1021 sich
717 965 793 1019 im
828 964 1208 1019 Privatbesitz
1247 962 1507 1034 befindeg
1543 967 1697 1022 steht
1731 962 2025 1038 folgende:
2063 968 2335 1024 L'orctison
2372 968 2779 1037 Charlemaiqne.

178 1053 410 1109 Domine
443 1052 583 1108 Jesu
619 1052 860 1120 Christe,
896 1057 1098 1123 pastor
1126 1052 1293 1122 hone,
1331 1069 1613 1108 conserva
1629 1053 1843 1126 justos,
1880 1069 2051 1123 parce
2080 1055 2491 1125 peccatoribus,
2529 1053 2781 1123 requiem

181 1141 331 1195 dona
368 1139 582 1196 cunctis
619 1137 898 1194 defunctis
935 1135 1194 1195 fidelibus
1230 1155 1375 1195 nunc
1409 1145 1469 1195 et
1503 1140 1560 1194 in
1587 1141 1733 1196 hora
1766 1140 1987 1210 mortis,
2020 1157 2242 1212 sempor
2277 1146 2335 1196 et
2363 1141 2565 1212 ubique
2595 1140 2783 1208 simus,

179 1226 345 1283 nobis
382 1233 510 1283 esto
545 1226 847 1299 propitius.
900 1241 1077 1280 amen.

504 1547 675 1621 983.
738 1546 825 1618 In
865 1546 1060 1626 ⁴festo
1114 1545 1302 1621 beati
1353 1547 1604 1620 Raroli
1657 1549 2117 1646 imperatoris.
2159 1545 2478 1646 hymnus.

183 1749 240 1816 Ο
283 1771 436 1832 rex,
483 1750 659 1815 orbis
705 1750 1170 1834 triumphator,
1540 1750 1593 1815 Ο
1641 1771 1829 1834 qnam
1874 1750 2107 1833 dignus
2151 1770 2356 1815 verna
2401 1750 2614 1833 coelis,

181 1852 401 1918 mundi
445 1873 673 1935 regum
717 1854 1108 1937 imperator,
1539 1872 1769 1918 servus
1815 1854 2104 1936 prudens
2150 1862 2215 1917 et
2260 1853 2503 1938 fidelis,

89 2043 96 2048 -
185 1958 277 2021 tui
320 1956 577 2039 gregis,
624 1957 831 2020 nostri
874 1957 1082 2022 coetos
1537 1960 1700 2022 urbe
1749 1963 1923 2022 turre
1970 1976 2041 2021 se
2085 1958 2355 2022 munivit
2710 1958 2788 2019 15
2906 2023 2919 2033 ,

183 2061 328 2144 pios
374 2060 526 2125 andi
572 2061 679 2143 pie
725 2060 934 2124 fletus.
971 2072 1000 2084 ²
1540 2069 1607 2124 et
1652 2060 1736 2125 ad
1782 2062 1994 2126 locum
2034 2061 2220 2145 pacis
2267 2062 2398 2125 ivit.

187 2247 390 2334 Cujus
436 2270 634 2334 prece
680 2268 855 2314 mors
899 2250 1201 2332 sugatur,
1397 2252 1435 2314 5
1538 2247 1723 2331 Ergo
1768 2269 1996 2331 rupem
2041 2249 2219 2313 ferro
2264 2249 2445 2329 fode,

184 2352 464 2433 languor
508 2350 713 2433 cedit,
760 2351 897 2414 vita
943 2351 1160 2435 datur,
1540 2353 1783 2416 fontem
1825 2352 2044 2416 vivum
2088 2352 2275 2416 nobis
2321 2350 2560 2435 prode,

184 2455 294 2538 qui
338 2454 419 2517 de
467 2463 658 2537 petra
702 2454 884 2519 ducis
937 2454 1143 2522 undas
1541 2474 1659 2520 ora
1703 2474 1902 2538 prece
1946 2456 2056 2538 pia
2102 2455 2292 2520 deum

186 2566 254 2623 et
296 2561 618 2643 baptismo
664 2568 895 2642 gentes
940 2561 1229 2625 mundas,
1541 2566 1609 2621 et
1646 2558 1753 2621 fac
1795 2558 1970 2640 pium
2016 2558 2202 2622 nobis
2251 2576 2413 2622 eum.
2708 2558 2793 2621 20

185 2744 354 2812 Arte
400 2747 598 2813 duros
645 2756 712 2813 et
755 2756 987 2813 natura
1543 2745 1646 2811 Sit
1687 2745 1997 2829 majestas
2040 2747 2340 2830 trinitati,

188 2850 435 2932 frangis
480 2868 696 2914 muros
744 2869 939 2932 prece
988 2871 1154 2933 pura
1358 2852 1440 2918 10
1543 2851 1688 2915 lans
1734 2858 1802 2913 et
1845 2849 2054 2913 honor
2099 2851 2354 2931 unitati,

189 2953 593 3037 devotosque
639 2954 900 3019 Christo
948 2955 1128 3019 dicas
1546 2972 1693 3036 qnae
1744 2952 1986 3015 virtute
2030 2952 2373 3036 principali

189 3062 257 3120 et
299 3056 580 3122 rebelles
627 3049 781 3120 ense
826 3074 1043 3121 necas.
1534 3057 1689 3140 jure
1732 3067 1968 3139 regnat
2013 3055 2345 3140 coaequali.

363 3232 647 3304 Perg.-Hs.
677 3235 784 3290 No.
815 3236 922 3288 940
948 3252 1018 3289 zu
1035 3235 1362 3291 Darmstadt
1401 3237 1531 3307 (A),
1568 3252 1671 3291 aus
1708 3235 1831 3290 dem
1868 3238 1936 3290 14
1960 3236 2176 3304 Jahrb„
2213 3237 2302 3292 die
2319 3239 2797 3298 wahrscheinlich

191 3336 306 3375 von
360 3319 421 3375 S.
475 3321 664 3376 Jakob
720 3339 788 3376 zu
837 3321 1061 3377 Liittich
1116 3323 1396 3379 herriihrt.
1485 3324 1550 3378 ln
1604 3323 1791 3380 dieser
1826 3324 1923 3379 Hs.
1971 3325 2048 3379 ist
2096 3322 2210 3381 fast
2259 3326 2361 3380 das
2396 3342 2582 3397 ganzo
2619 3328 2797 3384 Chor-

191 3404 449 3464 Osficinm
498 3406 604 3462 anf
657 3409 762 3464 den
830 3411 1035 3466 Kaiser
1100 3410 1243 3467 Karl
1304 3412 1362 3466 in
1426 3412 1735 3483 gereimten
1796 3411 2014 3466 Versen
2074 3411 2385 3483 abgefasst.
2482 3413 2642 3467 Auch
2704 3412 2798 3470 hei

188 3493 390 3552 Daniel
426 3497 476 3564 1,
503 3496 608 3549 305
646 3497 774 3566 (D).

367 3621 403 3673 2
440 3623 612 3673 terrae
648 3618 710 3673 D.
781 3622 816 3675 3
853 3625 1013 3677 turre
1052 3622 1117 3676 A.
1194 3624 1259 3677 10
1297 3624 1440 3678 dura
1475 3622 1537 3677 1).
1609 3623 1711 3678 Die
1749 3622 1918 3678 letzte
1955 3623 2202 3693 Strophe
2240 3619 2385 3678 fehlt
2419 3622 2475 3678 in
2511 3621 2577 3677 D.

1070 3888 1242 3962 984.
1300 3890 1417 3961 De
1466 3917 1521 3963 s.
1565 3891 1925 3964 Raterina.

188 4086 375 4184 Voce
422 4086 637 4152 cordis
685 4096 751 4152 et
797 4088 932 4152 oris
1155 4097 1160 4104 ’
1213 4147 1218 4151 .
1547 4090 1724 4156 Exiit
1768 4093 2028 4157 obviam
2073 4091 2333 4158 Christo
2380 4110 2654 4183 sponso,

189 4191 258 4254 in
304 4188 558 4253 laudem
606 4191 829 4253 summi
875 4189 1305 4274 redemptoris
1551 4196 1661 4277 qni
1706 4194 1944 4258 sedens
1988 4214 2185 4279 super
2230 4194 2544 4259 cherubin

194 4302 551 4376 consurgat
597 4295 801 4357 omnis
845 4294 1074 4360 fidelis.
1551 4306 1787 4363 cuncta
1832 4298 2010 4363 videt
2053 4300 2119 4363 in
2164 4300 2507 4363 absconso·

194 4485 402 4572 Cujus
447 4490 770 4554 mediante
816 4492 1031 4572 gratia
1548 4483 1800 4550 Ferens
1845 4491 2088 4549 sertum
2130 4503 2305 4552 rosae
2348 4492 2416 4550 et
2459 4486 2577 4554 lilii
2723 4487 2802 4550 10

195 4601 449 4675 martyr
492 4601 560 4656 et
602 4593 794 4675 virgo
838 4591 1153 4657 Katerina
1406 4596 1446 4656 5
1552 4613 1701 4660 cnm
1742 4594 2066 4678 triumpho
2108 4594 2409 4677 martyrii
2506 4626 2513 4634 ·

192 4693 372 4758 facto
416 4695 700 4759 clamore
746 4696 912 4761 hora
954 4698 1262 4762 matutina
1552 4697 1765 4763 evasit
1808 4698 2016 4765 minas
2061 4706 2395 4766 tortorum.
