3175 5234
347 266 475 356 1⁶0·

344 478 470 545 Hic
512 477 658 541 sons
701 475 909 556 largae
954 470 1253 556 pietatist,

349 600 516 666 opus
560 580 690 664 piae
736 576 1061 658 largitatis

434 681 708 766 primum
754 697 891 741 suae
936 674 1161 740 tribuit
1522 671 1604 731 15

348 784 711 850 sanctitatis
757 785 1235 863 argumentum,

349 886 514 955 dans
561 898 796 968 egeno·
819 881 1301 960 vestimentum,

438 1006 568 1072 quo
613 1006 687 1052 se
730 984 940 1066 magis
984 981 1209 1047 induit.

351 1176 441 1243 Ut
484 1182 899 1259 compararet
944 1171 1267 1251 coelicam‚

352 1288 678 1345 terrenam
727 1278 908 1342 dedit
953 1276 1265 1355 tunicam,
1523 1271 1607 1334 20

439 1382 620 1447 dedit
661 1383 854 1446 immo
901 1375 1231 1459 vendidit,

354 1487 508 1551 emit
552 1487 720 1550 enim
762 1480 1104 1566 largiendo
1125 1528 1143 1563 ‚

355 1586 529 1671 quod
574 1606 775 1655 avare
822 1581 1217 1668 possidendo

442 1691 686 1774 primus
733 1689 924 1753 homo
970 1685 1271 1772 perdidit.

308 1860 314 1875 ⁸
357 1877 601 1944 Sanum
645 1896 844 1962 prece
892 1877 1180 1962 pretiosa
1528 1874 1611 1935 25

356 1980 574 2047 reddit
617 1982 857 2061 virum,
906 1999 1096 2062 quem
1140 1978 1362 2042 virosa

446 2087 869 2150 consumebat
913 2084 1128 2163 laesi03

359 2194 557 2259 solvit
601 2194 790 2258 clave
835 2193 1154 2257 labiorum

360 2304 427 2361 et
471 2297 710 2360 virtute
753 2296 1130 2359 meritorum

448 2404 707 2481 captum
755 2416 794 2459 a
838 2395 1175 2458 daemonio.
1529 2392 1614 2455 30

361 2584 605 2651 Christi
648 2603 846 2649 verus
887 2583 1173 2648 imitator

361 2688 767 2771 paupertatis
812 2685 887 2748 fit
931 2692 1182 2749 amator

453 2798 521 2855 et
564 2789 808 2854 relictis
854 2788 1148 2851 omnibus

366 2892 520 2959 exul
567 2890 732 2970 abit,
779 2890 946 2953 tollit
991 2908 1284 2971 crucem,

361 2994 605 3058 mavult
636 2991 961 3055 Christum
1007 2992 1192 3073 sequi
1236 2990 1483 3074 ducem,
1531 2992 1615 3053 35

452 3115 642 3177 quam
687 3110 976 3177 praeesse
1024 3091 1310 3157 ducibus.

360 3284 660 3351 Praedam
705 3287 918 3351 ventis
965 3296 1160 3370 atque
1206 3287 1369 3351 mari

365 3388 555 3455 datos
599 3392 800 3457 munit
844 3391 1116 3455 salutari

443 3513 711 3575 precum
754 3493 1281 3574 propugnaculo,

1711 464 1826 530 dat
1868 462 2138 528 salutem
2186 444 2544 543 destitutis,

1713 585 1903 650 opem
1947 564 2103 628 vitae
2150 561 2512 629 constitutis

1798 669 2025 734 mortis
2069 669 2135 732 in
2181 666 2478 732 articulo.

1711 859 2052 928 Arelatem
2100 856 2579 939 transfretavit,

1711 966 1822 1032 hic
1867 987 1903 1029 a
1950 967 2137 1030 febre
2180 964 2522 1029 revocavit

1798 1068 1999 1134 filiam
2046 1066 2480 1149 Theocritae,‘

1716 1173 1879 1237 fines
1923 1171 2085 1255 petit
2129 1170 2617 1251 Nemausorum‚

1715 1277 2081 1360 gratuletur
2127 1284 2292 1358 gen‘s
2339 1273 2693 1340 Gothorum

1802 1386 1984 1444 tanto
2029 1379 2187 1443 felix
2229 1377 2508 1461 hospite.

1718 1568 1974 1633 Corvus
2018 1566 2204 1650 pavit
2245 1566 2312 1629 in
2357 1564 2619 1629 deserto

1718 1690 1978 1736 servum
2023 1668 2159 1750 dei,
2208 1687 2397 1750 quem
2443 1674 2672 1752 aperto

1806 1792 2035 1840 currus
2076 1773 2221 1838 tulit
2264 1777 2452 1853 aere,

1717 1877 1846 1941 mel
1891 1875 2145 1940 locusta
2187 1872 2609 1957 praecursori,

1720 1957 1922 2046 cerva
1965 1980 2172 2064 patris
2220 1978 2413 2061 hujus
2459 1978 2557 2042 ori

1805 2083 1913 2147 lac
1957 2082 2261 2166 propinat
2306 2082 2527 2145 ubere.

1719 2269 2190 2357 Armipotentis
2236 2269 2535 2336 Franciae

1719 2395 1944 2458 regem
1992 2373 2242 2438 orando
2287 2373 2520 2457 gloriae

1806 2478 1951 2560 regi
2001 2476 2417 2557 reconciliat,

1720 2601 1901 2647 suum
1949 2581 2008 2646 ei
2055 2581 2206 2645 dum
2251 2589 2535 2662 reatum,

1721 2706 1762 2749 a
1806 2703 1933 2767 quo
1980 2685 2104 2750 sibi
2147 2684 2506 2749 revelatum

1807 2796 1874 2852 et
1918 2788 2247 2852 dimissum
2289 2787 2554 2851 nuntiat.

1720 2979 1924 3044 Nobis
1970 2998 2133 3063 ergo
2178 2980 2498 3064 propitius

1722 3092 1983 3149 sanctus
2026 3088 2218 3168 pater
2265 3076 2587 3166 Aegidius

1806 3206 2073 3272 precum
2118 3205 2378 3251 suarum
2425 3184 2673 3269 aegide,

1722 3307 1995 3371 gregem
2040 3306 2111 3351 se
2155 3289 2600 3352 venerantium

1717 3397 1962 3454 nostrae
2009 3389 2235 3454 salutis
2280 3390 2512 3454 ostium

1805 3492 2113 3557 defendat
2170 3512 2209 3557 a
2254 3492 2617 3577 tyrannide.

2880 461 2970 524 40

2883 1066 2972 1127 45

2888 1669 2975 1731 50

2888 2269 2974 2330 55

2891 2786 2973 2849 60

2889 3389 2975 3452 65

538 3706 635 3760 Hs.
684 3724 754 3760 zu
800 3707 1153 3779 Luxemburg
1197 3709 1302 3764 No.
1353 3711 1485 3779 108,
1522 3710 1576 3764 b.
1625 3726 1728 3765 aus
1767 3711 1891 3766 dem
1928 3712 1996 3765 12
2033 3709 2228 3767 Jahrb.
2301 3712 2403 3765 Die
2441 3714 2509 3765 15
2546 3710 2753 3767 letzten
2790 3710 2980 3766 Verso

364 3793 491 3849 sind
540 3808 642 3848 aus
690 3793 816 3849 dem
869 3797 935 3848 13
981 3796 1179 3851 Jahrb.
1229 3798 1764 3869 nacbgeschriebeu.
1839 3799 1953 3854 Das
1989 3799 2125 3854 Lied
2172 3800 2244 3855 ist
2296 3801 2438 3854 auch
2488 3816 2602 3854 von
2640 3798 2819 3855 Guido
2857 3813 2977 3853 von

365 3880 670 3936 Basoches.

538 4023 612 4077 45
649 4021 960 4093 tehocritae,
998 4023 1093 4077 Hs.
1166 4026 1238 4079 47
1273 4030 1464 4097 gotor.
1499 4026 1595 4081 Hs.
1666 4029 1737 4082 54
1774 4027 1951 4097 uberi,
1987 4028 2080 4083 Hs.

537 4162 650 4217 Der
700 4162 954 4218 Breviar.
1003 4164 1254 4235 mogunt.
1302 4164 1405 4220 hat
1459 4165 1551 4221 ein
1600 4167 1837 4222 anderes
1883 4167 2022 4222 Lied
2069 4163 2175 4222 auf
2216 4166 2407 4221 diesen
2443 4165 2702 4238 Heiligen
2758 4164 2814 4218 in
2852 4160 2990 4219 ffinf

362 4247 650 4320 Stropheu
686 4252 786 4306 mit
822 4251 1030 4307 diesem
1064 4250 1294 4324 Ausang
1331 4252 1436 4323 (ad
1470 4254 1682 4325 primas
1718 4259 1933 4325 vesp.):

607 4355 834 4411 Festum
869 4356 1053 4411 sancti
1085 4357 1314 4429 Aegidii

609 4448 790 4501 mente
828 4444 1079 4500 colamus
1113 4445 1289 4517 parili

1887 4358 1983 4429 qui
2019 4373 2141 4412 cum
2179 4358 2436 4429 superuis
2474 4357 2691 4412 civibus

1887 4460 2032 4500 nunc
2069 4445 2281 4517 gaudet
2316 4446 2374 4500 in
2411 4445 2749 4501 coelestibuS.
