3175 5234
455 796 671 870 1022.
757 794 843 865 Ιιι
897 791 1112 865 natali
1160 817 1214 864 s.
1263 791 1656 885 Laurentii,
1708 792 1780 863 in
1835 801 2070 863 matut.
2121 790 2469 866 laudibus.

153 997 576 1068 Conscendst
619 1019 826 1082 usque
875 967 1094 1064 sidera
1512 1011 1753 1079 rogare
1796 995 2390 1078 clementissimum,
2677 997 2758 1062 10

155 1105 432 1186 coelique
478 1102 696 1187 pulset
739 1103 961 1168 intima
1511 1105 1583 1163 ut
1627 1100 1710 1163 eb
1757 1096 2018 1162 aeternis
2062 1099 2321 1180 ignibus
2752 1109 2759 1114 ·

152 1226 286 1273 vox
335 1214 531 1288 atque
580 1214 804 1272 cantus
850 1205 1127 1270 omnium
1511 1218 1636 1265 nos
1679 1202 1892 1266 salvet
1935 1209 2002 1266 et
2047 1201 2483 1284 daemonibus3

153 1318 221 1376 te
268 1307 454 1372 deum
501 1307 1020 1372 collaudantium.

1511 1419 1633 1497 Qui
1678 1422 2002 1504 superatis
2047 1421 2306 1504 ignibus
2401 1496 2409 1504 .

1512 1531 1580 1587 et
1628 1523 1838 1607 impiis
1884 1523 2238 1587 tortoribus

1511 1623 1787 1689 devictis
1832 1625 2029 1688 saevis
2076 1623 2370 1689 hostibus
2680 1624 2762 1685 15

1511 1743 1684 1790 nunc
1727 1724 1973 1807 gaudet
2006 1724 2071 1788 in
2117 1724 2507 1790 coelestibus.

153 1474 368 1544 Adest
413 1491 690 1555 namque
735 1472 1056 1537 festivitas
1364 1473 1402 1533 δ

153 1586 223 1644 et
268 1577 412 1642 dies
461 1574 890 1654 venerabilis,

151 1682 219 1746 in
267 1700 393 1763 qua
439 1679 673 1743 coelum
720 1696 841 1762 pro
889 1678 1132 1743 meritis

150 1780 542 1847 Laurentius
586 1782 922 1864 ingressus
970 1787 1088 1844 est.

154 1944 306 2028 lpse
350 1943 655 2026 dignetur
699 1941 1056 2006 dominum·
1509 1941 1651 2008 Deo
1700 1941 1867 2026 patri
1912 1948 2034 2008 etc.

269 2131 272 2134 '
336 2127 432 2185 Rs.
470 2144 539 2181 zu
578 2127 871 2198 Stuttgart
906 2126 1159 2182 Breviar.
1198 2127 1299 2183 No.
1336 2129 1421 2184 98.
1460 2131 1523 2182 11
1560 2127 1758 2184 Jahrb.
1794 2126 1895 2183 mit
1920 2127 2167 2181 Noumen
2203 2128 2333 2196 (Α).
2403 2128 2625 2184 Andere
2661 2132 2754 2189 Hs.

158 2233 230 2272 su
264 2216 554 2287 stuttgart
608 2215 776 2271 Brev.
817 2215 937 2268 101.
993 2212 1035 2269 f.
1072 2216 1154 2269 w.
1211 2216 1279 2270 15
1315 2215 1511 2271 Jahrb.
1565 2215 1693 2284 (Β).
1776 2213 1871 2268 Hs.
1927 2230 1996 2272 zu
2045 2212 2323 2284 Freiburg
2377 2213 2482 2271 No.
2536 2219 2607 2272 66
2661 2219 2763 2290 deq

159 2307 227 2361 15
262 2304 458 2361 Jahrb.
491 2305 615 2374 (F).
685 2304 786 2359 Bei
813 2305 1007 2359 Daniel
1025 2304 1212 2371 1,291‚
1248 2303 1348 2358 der
1382 2303 1472 2358 die
1505 2302 1680 2358 dritte
1707 2302 1957 2372 Strophe
1994 2302 2148 2357 nicht
2182 2302 2296 2357 bat.
2368 2304 2527 2358 Aucb
2566 2305 2622 2361 in
2657 2308 2761 2364 der

165 2392 369 2463 Expoa.
408 2393 592 2462 hymn.
631 2390 831 2447 Gelon.
869 2391 1008 2445 1492
1055 2388 1093 2444 f.
1128 2389 1200 2443 68
1254 2390 1399 2460 (Β),
1467 2388 1726 2445 Breviar.
1762 2389 2054 2444 Constant.
2114 2404 2167 2442 v.
2194 2390 2363 2465 1495.
2417 2387 2455 2444 f.
2491 2393 2598 2448 358
2651 2394 2758 2464 (1).

171 2477 284 2534 und
318 2478 392 2533 im
428 2477 681 2533 Breviar.
718 2477 890 2532 Basil.
926 2475 965 2531 f.
1007 2478 1107 2530 112
1145 2478 1269 2546 (C).
1345 2476 1444 2532 Bei
1479 2478 1641 2531 Bebel
1670 2473 1708 2530 f.
1749 2478 1816 2528 19
1864 2476 1993 2548 (D).
2061 2476 2402 2547 Hymnarius
2440 2495 2550 2535 von
2589 2483 2760 2539 Busel

158 2583 212 2619 v.
248 2568 403 2621 1504.
441 2563 567 2621 1163
606 2566 729 2636 (E).
801 2565 979 2637 Gropp
1015 2563 1206 2635 script.
1235 2564 1598 2635 wirceburg.
1635 2567 1687 2632 2,
1716 2563 1821 2618 902
1859 2563 1984 2635 (G).
2054 2564 2167 2620 Das
2203 2564 2337 2620 Lied
2374 2564 2448 2622 ist
2484 2584 2598 2626 von
2635 2571 2763 2626 dem

160 2650 400 2712 Biscbof
428 2652 692 2708 floribert
727 2669 840 2708 von
876 2651 1185 2721 metatam,
1223 2652 1323 2707 der
1362 2653 1500 2706 1042
1537 2652 1714 2707 starb.

333 2778 368 2829 2
417 2776 607 2829 intime
651 2775 712 2830 F.
783 2777 819 2828 4
871 2774 1298 2830 collaudandum
1342 2773 1436 2831 st·
1478 2776 1513 2828 5
1551 2773 1753 2829 adesto
1786 2774 1847 2828 F.
1939 2777 1974 2827 7
2006 2790 2118 2845 quo
2163 2773 2224 2831 G.
2306 2776 2341 2829 8
2395 2781 2485 2833 est
2517 2776 2665 2835 fehlt
2696 2779 2765 2848 R.

159 2865 195 2918 9
253 2863 412 2917 deum
447 2862 507 2917 F.
581 2863 638 2917 In
693 2861 952 2918 BDEGm
1010 2864 1204 2917 steben
1259 2864 1293 2916 9
1316 2895 1376 2904 —
1401 2865 1467 2916 12
1523 2861 1613 2915 als
1666 2860 1840 2916 letzte
1887 2860 2162 2933 Strophe,
2211 2862 2500 2920 vielleicbt
2547 2865 2761 2922 besser.

162 2956 224 3007 11
267 2957 323 3007 et
360 2953 418 3006 E.

331 3105 434 3161 Eiu
480 3105 720 3161 anderes
770 3105 917 3159 altes
963 3104 1099 3158 Lied
1149 3101 1256 3160 auf
1300 3104 1490 3159 diesen
1536 3104 1799 3175 Heiligen
1853 3106 2072 3160 entbiilt
2118 3104 2219 3162 der
2253 3106 2597 3177 Hymnarius
2647 3124 2763 3164 von

156 3192 328 3250 Basel
364 3210 417 3246 v.
460 3196 611 3248 1504.
660 3190 697 3248 f.
735 3192 804 3245 62
859 3192 959 3246 mit
994 3193 1117 3246 dem
1153 3188 1406 3263 Anfaug:
1481 3191 1541 3246 ln
1579 3192 1648 3258 (l.
1685 3198 1788 3262 en)
1826 3192 2094 3263 martyris
2130 3192 2448 3262 Laurentii,
2512 3193 2763 3250 welches

157 3281 302 3336 nucb
340 3280 534 3372 ineder
571 3279 773 3350 ExpoS.
811 3280 1062 3350 hymnor.
1100 3277 1298 3334 Gelon.
1342 3280 1493 3334 1492.
1533 3276 1572 3334 f.
1609 3280 1680 3335 68
1714 3281 1881 3335 stebt.

469 3506 685 3636 1023.
760 3563 844 3634 In
895 3562 1075 3635 sesto
1129 3588 1184 3633 s.
1233 3561 1603 3635 Laurentii
1655 3565 1997 3662 martyris.
2063 3563 2479 3678 sequentia..

155 3761 375 3830 Adest
426 3764 565 3829 dies
609 3762 896 3846 gloriose
921 3807 939 3842 ,
1517 3761 1637 3827 Hic
1682 3761 2022 3827 thesauros
2066 3761 2191 3830 sibi
2234 3760 2425 3828 datos
2681 3762 2764 3827 10

162 3865 308 3929 dies
351 3865 501 3929 laeta
549 3872 617 3929 et
659 3865 939 3939 famosa,
1515 3865 1952 3949 dispergendo
2000 3867 2155 3932 fecit
2197 3875 2453 3949 gratos,

247 3967 387 4033 dies
430 3968 650 4051 magni
694 3964 939 4049 gaudii:
1601 3970 1692 4033 nil
1734 3970 1858 4036 sibi
1901 3972 2180 4035 retinuit.

155 4157 346 4224 Diem
388 4158 578 4222 istum
624 4154 1038 4221 consecravit
1516 4155 1724 4241 Signo
1770 4158 1982 4222 crucis
2025 4158 2187 4223 caeci
2231 4157 2485 4236 vident,

156 4259 430 4343 sanguis
475 4277 663 4324 sacer
686 4307 703 4340 ‚
749 4257 858 4342 qui
904 4258 1191 4322 manavit
1366 4260 1405 4320 5
1514 4261 1715 4324 multa
1759 4262 1946 4343 signa
1990 4261 2149 4324 foris
2184 4261 2425 4342 nitent,

246 4363 554 4446 martyris
597 4361 949 4430 Laurentii.
1602 4365 1840 4429 crescit
1881 4362 2047 4427 fides
2093 4364 2360 4429 domini:
2673 4364 2751 4427 15

155 4553 234 4621 ln
278 4551 573 4619 Romana
616 4550 778 4617 sede
824 4550 1123 4617 Christus
1515 4551 1694 4617 Inter
1736 4550 2003 4635 multos,
2050 4551 2159 4632 qui
2202 4557 2520 4615 vocantur

92 4659 99 4664 ’
155 4655 333 4722 hunc
377 4655 678 4740 perfecit,
725 4654 984 4738 quaudo
1029 4653 1279 4739 Xystus
1515 4663 1583 4721 et
1625 4654 1947 4740 baptismo
1991 4662 2456 4721 consecrantur

252 4779 450 4846 papae
492 4760 702 4827 locum
747 4759 967 4825 tenuit.
1409 4773 1418 4780 ·
1604 4757 1831 4826 domus
1876 4768 1983 4827 est
2024 4759 2403 4846 Hippolyti?
