3175 5234
463 435 691 503 Sancti
733 437 942 520 patris
985 434 1302 501 Florentii
1323 483 1340 517 ,
1676 437 1717 497 5
1826 433 1881 498 0
1926 451 2115 516 qnam
2154 436 2416 516 mirum,
2463 433 2635 517 qnod
2674 435 2865 499 asinus

461 541 657 606 totius
704 539 918 605 sordis
965 540 1168 606 nescii
1823 537 1886 600 in
1934 537 2144 621 planis
2190 546 2258 603 et
2299 538 2365 602 in
2413 537 2681 602 collibus

459 642 936 726 virtutibusque
981 641 1228 725 floridi,
1827 648 1955 704 tam
2002 641 2241 720 currit,
2287 660 2434 706 cum
2471 635 2819 706 Florentius

463 766 504 811 o
548 749 759 813 virum
805 748 967 812 tanti
1015 747 1257 810 meriti!
1826 760 2050 823 regem
2094 743 2260 825 petit
2304 760 2431 825 pro
2477 739 2740 806 dotibus.

463 937 652 1016 Quod
697 936 959 1020 quando
1004 937 1231 1020 virgas
1277 936 1500 1019 erigit,
1826 934 1880 997 0
1926 929 2305 999 admiranda
2341 932 2624 1017 dignitas
2935 933 2986 991 25

461 1038 744 1103 ferarum
789 1038 980 1122 turba
1023 1037 1299 1119 refugit,
1640 1035 1719 1096 10
1825 1039 1978 1121 post
2020 1045 2292 1101 mortem
2312 1084 2329 1110 ,
2376 1054 2527 1119 quae
2572 1034 2685 1099 das
2725 1034 2932 1118 pluvias

464 1141 571 1224 qui
616 1149 966 1205 venatores
1013 1140 1236 1223 eripit,
1826 1148 1894 1204 et
1939 1148 2360 1224 tempestates
2400 1141 2663 1221 mitigas

464 1259 628 1327 quos
671 1262 880 1327 parva
924 1241 1112 1325 palus
1158 1240 1423 1305 imbibit.
1827 1250 1894 1308 et
1935 1244 2113 1328 plebi
2158 1262 2388 1327 pacem
2434 1244 2749 1326 impetras.

363 1501 368 1506 ,
466 1431 520 1497 0
566 1433 707 1515 quis
751 1431 999 1495 audivit
1045 1431 1232 1511 talia,
1827 1431 1986 1497 cum
2031 1433 2238 1497 sancti
2281 1433 2491 1498 fertur
2537 1432 2841 1509 feretrum,

465 1535 639 1617 quod
687 1542 899 1614 muta,
946 1551 1126 1598 caeca
1169 1531 1336 1613 filia,
1826 1534 2138 1600 infirmum
2184 1543 2378 1601 sanat
2421 1553 2688 1620 puerum
2932 1526 2986 1588 3⁰

465 1657 607 1704 cum
646 1635 888 1700 Christi
932 1636 1114 1700 venit
1156 1644 1458 1719 satrapa,
1638 1640 1718 1700 15
1825 1639 2083 1723 repellit
2128 1647 2195 1704 et
2238 1638 2634 1718 incendium,

463 1741 539 1807 fit
580 1742 752 1827 patri
796 1743 959 1807 mira
1001 1743 1278 1808 nuntia?
1825 1749 2224 1808 contractum
2268 1761 2512 1808 curans
2556 1735 2899 1820 languidum.

463 1933 517 1999 0
562 1932 747 1999 firma
791 1931 987 2016 fides,
1034 1934 1284 1999 radium
1642 1977 1653 1988 -
1824 1932 2048 1998 Gloria
2095 1934 2211 1997 tibi
2254 1932 2550 2012 domine,

461 2037 622 2103 solis
664 2056 810 2120 quae
856 2037 975 2102 das
1020 2046 1152 2102 tam
1195 2039 1500 2121 solidum,
1821 2037 1884 2100 in
1933 2034 2118 2119 cujus
2163 2037 2272 2101 hic
2314 2037 2422 2100 vir
2465 2034 2713 2100 nomine

459 2147 533 2205 nt
575 2157 718 2204 cum
764 2140 975 2205 noscit
1020 2140 1418 2205 Florentium
1437 2189 1454 2224 ,
1818 2138 2038 2203 febres
2080 2137 2267 2222 pellit
2313 2159 2353 2203 a
2403 2138 2633 2216 milite,
2929 2121 2983 2183 3⁵

462 2261 844 2336 suspensum
885 2250 1109 2327 portat
1150 2241 1434 2390 pallium.
1632 2243 1721 2307 20
1818 2261 1942 2326 pro
1987 2245 2175 2309 nobis
2220 2251 2350 2310 stet
2396 2251 2465 2308 et
2507 2240 2712 2305 hodie.
2768 2248 2927 2298 amen.

641 2427 1053 2497 Strassburger
1088 2428 1182 2482 Hs,
1217 2430 1278 2484 E.
1317 2431 1401 2484 60.
1441 2430 1526 2484 Bl.
1563 2431 1649 2486 80.
1689 2434 1756 2485 14
1791 2431 1989 2487 Jahn-h.
2064 2432 2259 2486 Dieses
2295 2431 2436 2486 Lied
2473 2429 2623 2485 steht
2665 2422 2802 2479 nicht
2829 2418 2873 2472 in
2901 2412 2983 2469 dem

452 2515 708 2588 jetzigen
747 2511 1016 2575 Officium
1044 2516 1332 2585 proprium
1371 2517 1470 2571 des
1509 2517 1751 2572 Bistums
1788 2517 2168 2589 Strassbnrg,
2203 2517 2457 2573 welches
2495 2516 2636 2572 auch
2670 2511 2812 2566 sonst
2840 2500 2981 2557 lmine!¹

462 2601 716 2671 Hymnus
752 2597 862 2655 anf
889 2599 1081 2654 diesen
1108 2601 1367 2671 Heiligen
1404 2602 1517 2655 hat.
1575 2602 1683 2656 Die
1709 2603 1917 2658 Kirche
1956 2621 2067 2660 von
2095 2603 2342 2660 llaslach
2380 2604 2529 2675 liegt
2562 2602 2616 2655 in
2653 2599 2812 2652 einem
2826 2584 2983 2644 Seftffl·

462 2685 628 2741 thale
658 2685 758 2741 der
799 2687 1049 2741 Brensch
1085 2687 1141 2741 in
1180 2687 1285 2742 den
1320 2688 1602 2758 Vogesen.
1674 2690 1928 2746 Breviar.
1964 2693 2272 2763 Argentor.
2310 2709 2362 2746 v.
2393 2693 2552 2747 1489.
2591 2687 2627 2743 s.
2660 2687 2769 2739 491.
2816 2672 2983 2732 Auden!

461 2773 729 2844 Ausgabe
767 2774 867 2829 des
907 2777 971 2828 15
1009 2775 1203 2832 Jahrb.
1241 2776 1373 2847 (B)

639 2897 709 2950 16
743 2895 870 2953 miri
906 2897 965 2951 B.
1039 2899 1106 2951 17
1142 2894 1233 2951 fid.
1271 2893 1358 2951 fir.
1397 2897 1456 2951 B.
1536 2898 1602 2951 18
1638 2898 1886 2970 solisque
1924 2899 1983 2953 E.

1137 3288 1309 3361 921.
1384 3287 1498 3359 De
1552 3313 1609 3359 S.
1661 3285 2020 3360 Floriano.
2072 3284 2393 3385 hymnus.

457 3527 642 3593 Laete
687 3530 903 3593 colant
947 3531 1283 3595 christiani
1813 3551 1935 3596 nec
1978 3532 2315 3616 promissis
2356 3552 2480 3597 nec
2528 3520 2829 3597 tormentis

457 3630 689 3692 festum
738 3634 943 3695 sancti
987 3632 1309 3714 Floriani,
1514 3709 1518 3713 ,
1811 3634 2003 3700 fidem
2051 3637 2207 3700 vicit
2252 3636 2635 3702 confitentis.

349 3787 354 3791 .
459 3749 659 3814 prece
703 3732 886 3814 cujus
931 3735 1341 3818 relaxantur,
2264 3727 2265 3730 ¹

460 3833 568 3918 qui
610 3836 899 3918 peccatis
945 3836 1367 3919 implicantur.
1812 3824 2011 3910 Saepe
2056 3835 2302 3922 martyr
2349 3829 2746 3899 verberatus,

1813 3932 1995 3998 uncis
2042 3951 2277 3997 carnes
2325 3933 2675 3998 laceratus:

454 4025 574 4094 Ille
618 4026 781 4091 ritus
825 4044 1229 4111 paganorum
1287 4117 1294 4126 ·
1667 4035 1705 4094 5
1816 4034 2045 4120 „deum
2091 4029 2257 4118 colo',
2304 4036 2560 4118 dicens,
2606 4011 2864 4097 trinum“2
2925 4002 2978 4066 ¹⁵

454 4130 520 4194 in
566 4140 925 4214 conspectu
968 4139 1392 4215 tyrannorum
1814 4139 2169 4204 confutavit
2210 4134 2614 4222 A'quilinum,

454 4234 638 4297 testis
685 4231 929 4299 Christi
974 4236 1463 4319 condemnavit,

455 4334 641 4418 cujus
684 4335 878 4401 fidem
921 4339 1322 4423 praedicavit.
1815 4327 2030 4412 „Idem
2076 4331 2272 4411 sacis,
2318 4319 2654 4412 Aquilino,

1811 4430 1985 4514 quod
2029 4441 2398 4516 prementes
2442 4431 2661 4497 florem
2703 4414 2896 4501 ⁸P¹¹¹W

453 4520 799 4605 Aquilinus
844 4526 995 4591 inde
1041 4528 1300 4611 dolens,
1808 4535 2135 4619 puniendo
2179 4536 2432 4620 premis
2465 4535 2713 4606 florem,

451 4626 555 4688 vir
597 4627 908 4709 profanus
952 4629 1185 4696 Jovem
1229 4634 1484 4718 colens,
1622 4638 1702 4702 10
1808 4636 2024 4703 reddit
2064 4655 2335 4722 pressus
2378 4637 2502 4705 flos
2546 4609 2837 4702 odorem-‘¹
2912 4593 2973 4658 ²⁰
3077 4611 3079 4744 4
