3175 5234
349 228 444 297 66

352 427 443 485 ps.
481 412 568 478 17,
594 409 681 462 23.
710 412 874 479 sagt:
916 401 1152 475 ἀνέμους
1189 400 1288 465 τὰς
1325 398 1516 475 ψυχὰς
1551 396 1659 455 τῶν
1695 394 2016 454 ἀποστόλων
2051 402 2240 473 εἴρηκε.
2311 398 2389 453 Er
2416 396 2629 453 neunt
2611 414 2667 453 m
2696 414 2781 468 ps.
2802 398 2891 467 76,
2905 400 2982 453 33

354 496 503 553 auch
550 495 640 549 die
679 492 1005 563 Propheten
1041 489 1326 558 Wolken3
1388 488 1479 542 die
1514 485 1755 557 Apostel
1805 486 1929 540 sind
1968 485 2090 540 ihre
2130 485 2497 557 Bestiittiger.
2572 484 2882 554 Prophetae
2920 493 2986 541 et

358 580 612 654 apostoli
648 584 801 635 recte
838 577 1199 647 appellantur
1234 576 1428 644 nubea,
1464 573 1595 644 quia
1632 572 1812 627 verba
1846 571 1975 640 ista,
2012 587 2138 642 quae
2177 577 2398 640 sonant,
2435 577 2495 626 et
2526 587 2801 641 percusso
2840 574 2986 627 aere

356 674 672 736 transeunt,
712 665 904 720 addita
941 664 1111 719 etiam
1148 663 1498 719 obscuritate
1536 659 1969 732 allegoriarum,
2006 659 2167 729 quasi
2204 659 2394 729 aliqua
2431 657 2675 728 ealigine
2711 657 2988 725 obducta,

355 756 518 811 velut
553 753 727 809 nubes
766 749 933 818 fiunt3
1006 766 1132 821 quae
1183 749 1308 803 (lum
1360 747 1658 802 tractando
1709 745 2120 816 exprimuntur,
2167 746 2311 800 bene
2347 744 2798 816 intelligentibus
2834 749 2984 799 tam·

356 857 525 912 quam
562 840 740 894 imber
778 836 1040 891 veritatis
1078 832 1396 889 infunditur.
1469 834 1734 903 Ancyra-stin.
1771 832 1828 886 in
1865 848 2054 903 genes.
2086 836 2139 900 2,
2176 834 2225 885 5.

397 1007 400 1010 ,
526 946 592 998 V.
629 947 680 999 6.
734 943 970 1013 lapides,
1037 940 1327 995 duodecim
1373 939 1596 1010 lapides
1643 939 1716 993 ab
1764 939 1902 993 Jesu
1946 937 2014 991 de
2050 938 2303 994 Jordane
2350 938 2517 993 electi
2566 944 2625 992 et
2669 938 2728 991 in
2777 953 2980 992 aream

346 1032 673 1089 testamenti
709 1029 934 1085 conditi.
987 1028 1219 1083 totidem
1257 1026 1506 1098 apostoli
1548 1024 2035 1097 portendebantur
2070 1030 2132 1079 ut
2169 1025 2390 1095 lapidea
2426 1024 2596 1080 solidi
2630 1022 2758 1078 fide.
2837 1025 2978 1079 Ter-

347 1120 546 1173 tullian.
584 1117 710 1172 adv,
748 1117 1017 1171 Marcion.
1061 1119 1111 1183 4,
1148 1117 1231 1170 13.
1307 1110 1382 1178 ὥς
1423 1114 1667 1185 διαυγεῖς
1714 1117 2055 1188 μαργαρίται
2106 1120 2206 1168 τοῦ
2237 1109 2404 1188 λόγου
2452 1108 2754 1167 ἀπόστολοι
2788 1111 2982 1167 πάντα

348 1205 707 1278 ἐκοσμήσατε.
747 1206 992 1260 Triodion
1027 1205 1088 1271 E,
1119 1208 1167 1257 1.

529 1311 597 1366 V.
634 1315 684 1364 7.
741 1310 883 1383 λύρα
919 1288 1070 1370 ὄντες
1106 1305 1208 1363 τοῦ
1244 1306 1493 1381 σωτῆρος
1529 1312 2016 1379 πνευματοκίνητος
2056 1301 2356 1362 ἀπόστολοι
2409 1305 2471 1362 τὸ
2508 1302 2701 1376 εὔηχον
2731 1305 2976 1379 ,1122on-

345 1404 492 1472 qetw
528 1395 683 1468 ὑμῶν
719 1400 869 1459 ἔπος.
928 1396 1173 1451 Triodion
1206 1393 1251 1449 L
1265 1434 1279 1463 ,
1315 1397 1367 1448 3.
1467 1396 1521 1449 οἱ
1572 1396 1825 1465 μαθηταὶ
1871 1392 2124 1468 Χριστοῦ
2161 1391 2463 1467 σάλπιγγες
2509 1392 2607 1449 τοῦ
2641 1390 2979 1457 πνεύματος.

351 1485 523 1538 Triod.
561 1483 621 1552 L,
657 1486 707 1538 3.
783 1479 882 1538 οὐκ
918 1479 986 1536 ἄν
1023 1482 1089 1536 δέ
1121 1501 1204 1545 τις
1245 1479 1489 1557 ἁμάρτοι
1526 1479 1838 1554 σάλπιγγας
1885 1479 1953 1536 τὰ
2002 1477 2249 1552 στόματα
2285 1488 2392 1536 ταῖν
2428 1478 2748 1537 ἀποστόλων
2784 1475 2976 1533 εἰπών.

350 1571 611 1642 chrysost.
648 1570 703 1625 in
741 1587 827 1641 ps.
864 1572 950 1639 46,
987 1572 1035 1624 5.

527 1675 594 1730 V.
630 1677 716 1729 34.
773 1672 921 1730 λύετε
968 1674 1069 1737 τὰς
1121 1673 1312 1750 σειρὰς
1358 1670 1465 1729 τῶν
1521 1671 1878 1745 πταισμάτων
1897 1713 1912 1742 ,
1976 1672 2075 1735 τὰς
2122 1667 2396 1749 ἁμαρτίας
2444 1670 2550 1730 τῶν
2587 1668 2980 1744 «improbum»

351 1755 519 1835 ὑμᾶς.
567 1762 692 1818 Jun.
730 1764 816 1816 30.

846 2113 1017 2186 669.
1094 2111 1497 2209 Sequentia
1531 2113 1921 2184 eommunis
1974 2111 2062 2183 de
2116 2108 2474 2210 apostolis,

350 2345 522 2415 Goeli
560 2352 763 2415 solem
808 2351 1131 2414 imitantes
1271 2430 1275 2439 ὁ
1709 2350 2076 2430 Johannes-‚
2122 2360 2195 2415 ut
2240 2358 2341 2413 est
2384 2356 2654 2415 vocatus

348 2451 419 2515 in
465 2468 706 2516 occasu
751 2451 1222 2535 triumphantes
1710 2456 1793 2517 ab
1838 2451 2105 2537 Epheso
2125 2501 2142 2534 ,
2191 2461 2293 2517 est
2338 2454 2688 2516 translatus

439 2559 649 2615 ortum
694 2551 852 2615 solis
898 2552 1203 2633 efferunt,
1796 2554 1880 2618 ad
1932 2555 2079 2619 coeli
2126 2554 2443 2619 convivia.
2882 2555 2966 2616 15

349 2739 575 2807 Ortum
623 2743 779 2808 solis
825 2751 892 2806 et
937 2761 1272 2824 occasum,
1709 2745 1920 2809 Mauri
1959 2744 2280 2809 trucidant
2319 2743 2697 2807 Matthaeum

350 2863 625 2927 quorum
678 2863 903 2909 omnes
948 2846 1035 2908 ita
1083 2863 1299 2909 casum
1564 2845 1602 2905 5
1711 2855 1775 2909 et
1818 2845 1960 2909 Indi
2005 2843 2553 2908 Bai-tholomaeum

437 2956 634 3012 terrae
680 2946 845 3011 fines
891 2946 1197 3012 referunt.
1601 2959 1608 2965 ’
1797 2956 1863 3011 et
1907 2946 2270 3030 Philippum
2315 2945 2615 3031 Scythia,

348 3134 649 3215 Petrum,
687 3135 953 3203 Paulum
1000 3143 1067 3199 et
1107 3131 1442 3200 Andream
1714 3132 2022 3196 'rhomam
2066 3131 2236 3215 Indi,
2282 3133 2518 3199 Judam
2561 3135 2787 3199 Persae

341 3256 470 3321 per
513 3236 869 3319 Neronem,
914 3258 1037 3321 per
1079 3238 1378 3321 Aegeam
1440 3267 1449 3273 ·
1715 3233 2180 3318 Simonemque
2213 3238 2308 3302 sio
2352 3256 2549 3321 super
2593 3257 2666 3301 se
2876 3240 2960 3302 20

434 3338 679 3423 Roma,
726 3340 958 3406 Patras
1001 3338 1353 3425 perimunt:
1796 3336 1944 3402 coeli
1989 3340 2192 3404 ooelos
2238 3349 2599 3423 penetrant.

345 3522 681 3609 HerodeS,
726 3544 890 3607 gens
934 3508 1269 3593 Pharisaea
1522 3528 1602 3590 10
1708 3523 1823 3591 Sio
1869 3526 2228 3592 ascendunt
2274 3530 2420 3593 eoeli
2468 3528 2693 3608 coeloe,

344 3625 621 3692 Jacobis
666 3636 733 3691 et
778 3629 843 3691 in
888 3627 1123 3693 Judaea
1707 3629 1816 3693 ubi
1863 3627 2124 3694 Christo
2167 3642 2456 3713 pangunt
2504 3632 2739 3714 melon,

432 3729 602 3793 binis
647 3730 843 3793 vitam
883 3729 1184 3794 adimunt.
1797 3735 1986 3797 nobis
2032 3735 2228 3796 vitam
2276 3736 2639 3817 impetrant.

527 3914 622 3967 Hs,
659 3929 727 3969 zu
769 3912 1018 3971 Coblenz
1070 3913 1176 3968 No.
1218 3917 1299 3968 12.
1348 3915 1449 3969 mit
1483 3914 1583 3971 der
1621 3916 1892 3985 melodice,
1946 3932 2048 3971 aus
2086 3916 2208 3971 dem
2248 3917 2543 3972 14‘Jahrh.
2596 3919 2726 3987 (A).
2799 3919 2958 3974 Aueb

345 4000 443 4056 bei
480 3996 796 4057 Cliclttoveu‘s
832 4000 870 4059 f.
900 4003 1004 4056 226
1044 4003 1151 4072 (Β)
1188 4002 1297 4057 und
1334 4003 1427 4058 bei
1453 4004 1648 4059 Daniel
1670 4007 1722 4073 2,
1751 4008 1853 4059 211
1893 4006 2014 4075 (G).
2084 4006 2224 4063 Jene
2262 4006 2462 4061 beiden
2489 4006 2662 4061 Texte
2700 4003 2954 4060 stimmen

344 4087 608 4157 iiberein‚
647 4089 832 4143 dieser
868 4089 943 4143 ist
979 4089 1327 4160 interpolirt‚
1378 4089 1511 4144 weil
1547 4106 1675 4145 man
1714 4090 1819 4145 den
1856 4092 2098 4162 Apostel
2123 4094 2392 4147 Matthias
2431 4089 2699 4165 einfiigeu
2735 4092 2954 4160 wollte,

342 4172 542 4231 wofiir
578 4176 705 4233 eine
739 4175 1137 4249 Erweiterung
1174 4176 1273 4231 des
1314 4176 1513 4232 Liedes
1558 4178 1760 4251 nothig
1799 4195 1939 4235 war.
2011 4180 2095 4236 Da
2122 4181 2338 4252 jedoch
2378 4179 2579 4236 Daniel
2615 4180 2779 4235 keine
2814 4179 2954 4235 Ver-

334 4260 667 4406 mm&
687 4262 874 4318 seiner
910 4263 1144 4331 Quellen
1181 4260 1478 4336 beigefiigt
1512 4264 1629 4333 hat,
1667 4281 1734 4321 so
1770 4265 1916 4323 lasst
1951 4267 2071 4323 sich
2106 4268 2246 4322 iiber
2281 4268 2370 4323 ihr
2406 4266 2764 4323 Verhiiltniss
2800 4266 2955 4323 nieht

520 4507 555 4559 3
591 4503 835 4571 afferunt
865 4505 924 4561 C.
977 4507 1011 4559 6
1039 4512 1301 4561 asserunt
1329 4508 1390 4576 B,
1428 4507 1485 4562 in
1523 4509 1625 4564 der
1662 4508 1986 4583 Erkliiruug
2021 4512 2278 4567 verstebt
2313 4529 2375 4566 es
2412 4511 2552 4567 aber
2588 4510 2949 4568 Clicbtoveus

336 4587 438 4653 fur
473 4589 741 4653 referunt.
781 4594 885 4667 ‚10
921 4598 979 4647 et
1013 4608 1156 4665 gens
1192 4593 1437 4651 Hebraea
1475 4596 1536 4653 C.
1612 4596 1774 4653 Nach
1815 4600 1880 4651 12
1924 4595 2053 4669 ffigt
2089 4598 2132 4656 C
2170 4599 2288 4655 ein:
