3175 5234
329 228 462 294 316

332 416 536 501 Cujus
582 420 839 478 sacrata
881 412 1136 495 lipsana
1687 403 1856 470 Hinc
1896 405 1961 468 in
2007 421 2343 470 commune
2389 401 2716 472 dominum
2866 406 2969 469 25

332 518 490 582 felix
534 515 717 579 fovet
761 511 1106 577 Germania
1688 526 1915 592 regem
1959 506 2300 572 laudemus
2342 517 2736 593 martyrum,

332 621 400 684 iu
444 614 775 681 Duellensi
819 614 1067 677 vertice
1691 610 1799 692 qui
1842 608 2103 674 militem
2148 617 2526 675 coronatum

333 715 676 788 monachili
723 716 1105 781 servamine.
1499 712 1584 776 20
1689 712 2013 778 laureavit
2057 712 2428 797 Georgium.

335 908 523 975 Hunc
568 925 794 973 omnes
840 905 1027 971 simul
1066 902 1319 970 flexiles
1690 898 1794 966 Sit
1834 902 1978 966 laus
2022 902 2195 985 patri
2239 902 2560 986 principio

334 1029 641 1095 rogemus
691 1018 886 1091 atque
932 1007 1258 1091 supplices
1275 1052 1294 1088 ,
1692 1004 1965 1088 ejusque
2011 1015 2165 1070 nato
2208 1005 2400 1070 unico
2874 1005 2969 1069 30

336 1122 410 1179 ut
456 1113 713 1179 devotis
759 1112 1098 1180 clientibus
1693 1124 1837 1170 cum
1882 1104 2111 1187 spirim
2156 1104 2477 1198 paraclito

339 1217 422 1280 sit
457 1224 770 1299 patronus
815 1214 1155 1297 propitius.
1690 1227 1814 1290 per
1857 1207 2244 1271 saeculorum
2288 1208 2563 1278 saecula„
2606 1226 2820 1272 amen.

525 1431 621 1488 Hs.
659 1448 729 1485 zu
765 1429 1022 1486 Rheinau
1055 1428 1150 1484 bei
1184 1426 1594 1485 Schaffhausen
1629 1427 1733 1484 No.
1771 1428 1855 1484 83.
1891 1423 1978 1482 Bl.
2015 1427 2101 1482 58.
2137 1442 2239 1483 aus
2275 1427 2397 1482 dem
2439 1429 2506 1481 11
2543 1427 2745 1483 Jahrh.

516 1571 552 1623 9
589 1586 707 1638 εειι,
745 1570 839 1626 Hs.
938 1572 1004 1623 21
1043 1566 1169 1622 ilex.
1208 1568 1329 1623 sim.
1367 1565 1462 1623 Hs.
1561 1569 1633 1622 23
1671 1566 1968 1636 clientulis,
2005 1566 2100 1622 Hs.
2199 1570 2269 1621 25
2306 1567 2481 1638 hunc,
2517 1568 2612 1623 Hs.
2711 1571 2786 1622 27
2827 1584 2966 1625 cor.

341 1656 456 1711 mil.
491 1655 590 1711 Hs.

521 1792 587 1846 V.
625 1793 676 1845 6.
733 1792 966 1861 athleta,
1003 1798 1173 1848 unte·
1208 1791 1475 1864 agonista
1512 1792 1625 1846 und
1661 1798 1824 1847 sonst
1859 1789 2052 1865 hiiufig
2086 1792 2249 1848 miles
2277 1793 2489 1850 Christi
2527 1790 2619 1849 fur
2644 1795 2971 1867 ffirtyrer,

347 1880 440 1936 bei
475 1879 582 1934 «len
620 1879 894 1936 Griecheu
932 1882 1144 1936 ebenso
1181 1878 1417 1950 ὁπλίτης.
1486 1880 1719 1935 januar.
1755 1879 1840 1935 131.
1880 1881 1964 1934 14.

523 1967 589 2020 V.
626 1969 694 2022 13
729 1963 825 2039 flg.
869 1984 937 2023 so
973 1967 1121 2022 wird
1157 1983 1224 2021 er
1261 1967 1404 2021 auch
1440 1966 1496 2021 in
1536 1967 1642 2021 den
1680 1966 1917 2022 Henaen
1954 1968 2222 2036 erhoben,
2258 1966 2351 2023 τὸν
2386 1967 2485 2024 σὸν
2524 1967 2867 2040 θαυμαστὸν
2902 1967 2971 2022 ἐν

344 2054 495 2129 πάσῃ
530 2053 595 2129 τῇ
629 2055 701 2129 γῇ
737 2052 926 2127 ᾅδεται
963 2053 1150 2129 ὄνομα.
1189 2058 1326 2126 Apr.
1362 2056 1449 2109 23.
1519 2055 1722 2111 Partes
1758 2060 1894 2123 tres,
1933 2054 2023 2109 «lie
2061 2056 2183 2110 drei
2214 2056 2368 2111 alten
2404 2055 2761 2126 Welttheile,
2799 2054 2973 2110 nicht

341 2143 453 2199 wie
489 2143 549 2199 in
586 2144 799 2198 andern
837 2142 1056 2199 Stellen
1095 2143 1186 2197 die
1222 2140 1583 2212 dreitheffige
1621 2140 1802 2196 Welt.
1859 2141 1967 2197 No.
2003 2143 2126 2210 946,
2161 2144 2211 2196 4.

520 2230 586 2284 V.
627 2233 710 2286 14.
766 2229 1010 2297 climata,
1047 2230 1137 2282 die
1173 2228 1297 2284 vier
1333 2227 1808 2300 weltgegenden.
1865 2228 1928 2284 S.
1961 2228 2069 2285 No.
2107 2230 2232 2298 857,
2270 2232 2352 2284 12.

520 2317 589 2371 V.
630 2303 712 2371 19'.
760 2315 1078 2372 Duelleusis
1126 2321 1325 2371 vertex
1375 2316 1454 2371 ist
1494 2313 1886 2385 Hohentwiel,
1948 2331 2046 2371 wo
2091 2316 2341 2372 ehemals
2386 2317 2484 2371 ein
2532 2317 2768 2373 Kloster
2812 2333 2971 2383 var,

348 2405 601 2460 welches
637 2405 711 2459 im
746 2405 893 2461 Jahr
928 2404 1066 2457 1005
1115 2404 1262 2458 nach
1298 2403 1457 2460 Stein
1505 2419 1598 2459 am
1632 2402 1811 2459 Rhein
1846 2403 2073 2475 verlegt
2107 2403 2338 2473 warde,
2398 2405 2643 2462 wonach
2677 2403 2780 2457 das
2821 2401 2969 2458 Lied

349 2494 497 2549 noch
534 2495 591 2547 in
628 2493 729 2546 das
769 2493 838 2546 10
871 2490 1067 2547 Jahrh.
1104 2491 1326 2562 gehort.
1423 2493 1432 2503 “

1711 2681 1757 2710 0·

1023 2843 1197 2917 943.
1271 2842 1389 2915 De
1442 2868 1496 2914 s.
1552 2840 1895 2942 Geor-gio.
1958 2843 2277 2943 hymnus.

345 3083 601 3165 Martyr
645 3083 952 3166 egregie,
1701 3089 1768 3147 et
1812 3081 2200 3146 transitoriae
2882 3081 2976 3142 15

435 3183 561 3250 deo
607 3185 873 3268 dilecte,
1787 3183 2001 3249 dulcia
2046 3185 2199 3248 vitae

346 3289 432 3355 ad
479 3298 543 3354 te
590 3290 999 3355 clamantium
1701 3304 1943 3353 memor
1989 3285 2227 3352 Christi
2271 3285 2363 3351 tui

428 3411 630 3458 voces
678 3403 928 3458 tuorum
1788 3398 2000 3453 mente
2045 3389 2303 3471 liquisti.

343 3496 665 3580 propitius
713 3494 864 3558 audi
1555 3495 1596 3554 5
1676 3510 1680 3515 ·
1759 3519 1770 3529 ·

431 3605 656 3662 sancte
703 3596 977 3678 Georgi!
1701 3577 1888 3668 Unde
1933 3596 2056 3663 pro
2101 3578 2344 3642 meritis

1788 3681 2003 3762 fulges
2049 3680 2115 3744 in
2160 3678 2341 3743 ooelis
2874 3678 2968 3743 20

344 3785 441 3850 Tu
485 3804 606 3869 per
649 3784 989 3850 innumera
1702 3793 1775 3849 ut
1817 3785 1986 3848 inter
2031 3782 2250 3848 sidera

432 3889 656 3953 mortis
701 3896 1023 3953 tormenta
1791 3888 1891 3952 sol
1936 3895 2128 3969 atque
2174 3885 2355 3969 luna,

344 3991 668 4076 triumpho
713 3990 915 4056 nobili
1702 4000 1922 4056 certus
1958 3990 2097 4072 jam
2140 3988 2423 4073 praemii,

431 4096 846 4181 promeruisti
1515 4097 1596 4159 10
1724 4131 1729 4136 -
1787 4108 1913 4174 pro
1960 4108 2088 4173 quo
2131 4088 2417 4155 certasti.

342 4207 696 4282 martyrum
740 4198 984 4263 militiae
1215 4245 1220 4248 -
1545 4267 1550 4272 ,

431 4301 700 4382 signifer
752 4317 917 4363 esse,
1703 4281 1836 4348 Ora
1878 4300 2001 4367 pro
2048 4281 2304 4348 famulis
2875 4280 2967 4344 25

725 4383 730 4387 ’
1790 4386 1905 4450 tibi
1950 4384 2206 4450 devotis

341 4489 531 4554 Vana
566 4490 879 4572 judicasti
1704 4496 1772 4555 et
1815 4506 2033 4554 coram
2069 4489 2297 4573 judice

433 4592 674 4674 gaudia
718 4593 936 4659 mundi
953 4641 971 4675 ,
1791 4591 2044 4656 veniam
2090 4605 2326 4674 posce,
