3175 5234
221 459 360 525 Pro
405 468 629 524 vestra
672 450 951 525 victoria
1583 480 1709 544 pro
1752 481 1857 528 me
1901 482 2137 547 preces
2173 466 2347 532 edite

220 561 381 626 mihi
407 559 660 626 'dentur
703 562 941 644 gaudia
1569 650 1575 657 ·
1668 566 1945 652 principi
1994 569 2320 635 coelorum.
2747 574 2830 637 45

313 683 380 728 m
425 665 606 729 ooehs
651 673 892 750 optat&
1068 736 1073 743 ’
1579 728 1733 796 Ave
1780 736 1969 798 turba
2014 733 2293 799 omnium

532 799 776 886 adam
820 804 861 868 3
916 803 1165 888 Ver-⁹⁶)
1582 833 1815 899 civium
1860 835 2213 901 coelestium
2235 886 2252 920 ,

218 936 378 1003 Ave
423 957 463 1003 o
506 939 880 1023 pontificum
1118 926 1128 936 ’
1666 937 1776 1018 qui
1819 947 2099 1020 regnant
2142 959 2284 1005 cum
2332 939 2458 1003 deo
2478 986 2497 1021 ,

220 1039 466 1105 cohors
510 1049 579 1104 et
618 1041 956 1108 mirificum
1391 1043 1473 1106 35

1575 1101 1855 1186 Propter
1901 1125 2045 1170 mea
2091 1107 2249 1170 vitia

1577 1202 1662 1267 ad
1707 1212 1930 1270 vestra
1972 1205 2283 1287 suffragia
2747 1210 2830 1272 50

221 1303 459 1370 Assint
500 1290 868 1373 eremicolae
1459 1356 1473 1379 ,
1670 1305 1948 1390 supplex
1995 1323 2123 1387 ego
2161 1304 2305 1369 sseo.

223 1415 294 1472 et
338 1408 543 1472 omnis
589 1408 863 1474 deicolae

311 1508 479 1593 legis
526 1510 985 1575 confessorum.

313 1163 550 1226 agmen
591 1139 1084 1226 monachorum;

1579 1465 1712 1530 Pro
1755 1487 1858 1531 me
1903 1466 2286 1532 intercedite

1578 1570 2033 1652 placatumque
2077 1569 2332 1634 reddite

219 1671 560 1738 Accurant
602 1683 667 1738 et
712 1675 1030 1756 virgines,
1390 1678 1472 1741 40
1667 1670 1855 1735 deum
1899 1671 2053 1735 mihi
2096 1690 2243 1755 reo,

221 1778 567 1895 Viduamm.
609 1780 873 1845 ⁰rdi¹¹⁰⁸
1577 1832 1667 1900 Ut
1709 1835 1774 1898 in
1819 1835 1970 1903 coeli
2013 1836 2179 1900 solio
2744 1841 2825 1902 55

308 1890 378 1943 et
422 1890 914 1964 ⁰⁰¹¹J¹¹gat⁰mm
929 1932 946 1965 '
1577 1938 1913 2005 vobiscum
1956 1938 2022 2001 in
2068 1937 2310 2020 gaudio

223 2032 460 2098 Omnes
503 2054 604 2098 me
651 2035 1002 2118 attendite,
1668 2041 1787 2103 sim
1833 2059 1976 2105 cum
2022 2040 2188 2106 Jesu
2229 2057 2395 2106 meo.

395 2217 807 2290 Strassburger
840 2220 934 2274 Rs.
984 2220 1053 2275 K.
1090 2223 1210 2276 316.
1262 2222 1348 2277 Β1.
1387 2224 1490 2276 147
1540 2223 1671 2292 (Α).
1743 2220 1805 2275 In
1841 2221 1943 2276 der
1979 2223 2074 2278 Hs.
2110 2223 2187 2279 ist
2220 2223 2387 2278 keine
2422 2224 2623 2281 Liicke.
2699 2226 2825 2282 Rei·

221 2305 504 2360 chenauer
538 2306 634 2360 Hs.
670 2307 778 2362 No.
814 2308 900 2362 36.
933 2306 1020 2363 Bl.
1061 2310 1166 2362 179
1201 2309 1328 2378 (Β).

395 2420 429 2472 6
465 2418 633 2489 culpa
668 2418 814 2474 fehlt
848 2421 907 2474 in
943 2422 1005 2476 B.
1079 2422 1145 2475 16
1182 2437 1307 2491 quae
1344 2424 1419 2490 A,
1473 2422 1532 2476 in
1567 2423 1615 2477 Β
1652 2439 1757 2479 nur
1793 2424 1971 2495 mod.;
2019 2424 2121 2479 der
2155 2421 2385 2497 Anfang
2420 2423 2567 2482 fehlt
2605 2425 2823 2481 beiden.

213 2507 287 2560 21
348 2520 642 2577 rerumque
695 2508 757 2561 Β.
840 2510 912 2560 25
964 2508 1286 2563 innocentia
1340 2510 1455 2564 ΑΒ.
1538 2511 1611 2563 26
1664 2511 1960 2567 morientia
2022 2514 2137 2568 ΑΒ.
2231 2514 2300 2567 31
2350 2529 2456 2584 per
2502 2514 2565 2569 Β.
2650 2516 2721 2569 37
2768 2518 2827 2569 et

214 2593 425 2647 herem.
465 2594 527 2648 B.
598 2595 670 2649 39
706 2591 1065 2649 confessores
1101 2595 1167 2649 A.
1250 2597 1323 2649 40
1359 2602 1771 2667 occurruntque
1808 2599 1871 2667 B,
1934 2594 2030 2653 sur
2066 2604 2139 2654 et.
2179 2614 2336 2655 conc.
2374 2602 2441 2655 Α.
2523 2603 2592 2655 42
2631 2602 2827 2674 conju·

214 2684 478 2750 gatarum
514 2681 579 2735 B.
648 2683 721 2734 45
756 2681 1008 2751 principe
1045 2682 1106 2736 Β.
1175 2682 1248 2735 48
1283 2697 1390 2752 que
1426 2682 1490 2736 B.
1563 2685 1634 2737 55
1670 2688 1734 2739 ut
1768 2683 1928 2740 lucer
1963 2688 2030 2740 A.
2105 2688 2175 2739 57
2211 2690 2270 2741 et
2303 2684 2398 2741 fiir
2434 2687 2538 2742 sim
2571 2689 2639 2742 A.

394 2803 459 2858 V.
494 2806 563 2859 13
584 2837 647 2845 —
670 2806 755 2859 15.
807 2804 965 2857 Weil
1016 2804 1160 2872 Lex,
1223 2807 1521 2876 prophetae
1575 2808 1688 2861 und
1741 2807 2112 2889 ‘evangelium
2173 2823 2487 2862 zusammen
2551 2811 2820 2879 gehoren.

212 2890 487 2946 Narratio
534 2890 892 2963 evangelica,
955 2891 1293 2962 prophetica
1331 2893 1693 2962 praedicatio,
1748 2891 2076 2950 testificatio
2124 2894 2287 2966 legis.
2359 2895 2517 2951 Leon
2554 2912 2621 2950 m.
2659 2913 2822 2952 serm.

215 2979 307 3046 36,
344 2982 392 3032 1.
460 2979 735 3034 Aebnlioh
771 2979 828 3033 in
864 2996 1028 3036 serm.
1063 2985 1151 3051 27,
1191 2985 1239 3036 1.
1302 2982 1451 3054 legis
1487 2978 1843 3052 testificatio,
1894 2981 2130 3040 oracula
2164 2983 2601 3053 prophetarum,
2651 2999 2822 3038 evan·

215 3064 418 3204 schoa
439 3065 743 3205 &seim
791 3153 1068 3208 coelestes.
1129 3156 1363 3225 Prosper
1409 3154 1478 3209 de
1525 3153 1842 3224 provident.
1888 3170 1944 3208 v.
1993 3156 2114 3210 863.
2163 3163 2224 3212 et
2270 3157 2475 3227 recipit
2527 3158 2657 3213 coeli
2703 3173 2822 3212 ser·

210 3242 380 3294 vatos
417 3238 573 3292 curia
607 3237 775 3293 cives.
836 3240 1182 3315 παραδείσου
1216 3242 1450 3296 πολεῖται.
1486 3241 1636 3295 Goar
1668 3254 1724 3309 p.
1758 3240 1880 3294 468.
1915 3242 2038 3297 475.
2106 3242 2210 3298 Νο.
2247 3244 2371 3312 300,
2406 3245 2491 3298 46.
2527 3247 2613 3298 55.

385 3358 573 3416 Ueber
607 3360 699 3414 die
733 3361 1082 3433 Anordnung
1117 3364 1217 3417 der
1252 3361 1511 3434 Heiligen
1547 3362 1620 3416 im
1655 3360 1891 3416 flimmel
1927 3360 2144 3428 enthalt
2180 3361 2441 3416 Gerltardi
2475 3364 2595 3417 vita
2630 3380 2675 3417 s.
2706 3365 2818 3419 Ou-

210 3443 415 3500 dalrici
450 3461 498 3500 c.
533 3448 585 3499 4.
624 3446 714 3500 bei
748 3448 905 3502 Perlz
953 3464 1099 3504 mon.
1148 3449 1276 3504 bist.
1312 3451 1362 3518 6,
1398 3450 1505 3503 397
1554 3449 1678 3503 eine
1714 3447 1926 3516 Stelle,
1990 3446 2209 3501 welche
2261 3446 2353 3501 ich
2392 3446 2546 3502 nicht
2580 3463 2687 3502 nur
2721 3465 2822 3503 zur

209 3524 638 3603 Vergleichung
661 3574 676 3601 ,
714 3533 961 3589 sondern
998 3536 1142 3589 auch
1178 3536 1332 3590 ihres
1366 3535 1559 3591 Altera
1595 3550 1799 3607 wegen
1837 3535 2111 3603 hersetze,
2147 3534 2292 3589 deun
2329 3533 2412 3590 sie
2447 3534 2525 3589 ist
2553 3549 2661 3599 aus
2698 3533 2821 3588 dem

211 3620 284 3672 1⁰
317 3619 720 3675 Jahrhundert.
790 3620 894 3676 Ubi
929 3621 1230 3692 hymnidici
1264 3625 1573 3693 anqelorum
1610 3621 1771 3676 chori
1804 3621 2175 3676 inenarrabili
2211 3622 2471 3677 claritate
2507 3619 2822 3692 fulgebunt,

214 3704 310 3758 ubi
348 3706 627 3763 celsitudo
658 3709 1089 3778 patriarcharum
1125 3709 1297 3781 digno
1336 3709 1556 3764 honore
1595 3714 1952 3763 remunerata
1988 3707 2285 3779 gaudebit,
2340 3709 2439 3764 ubi
2473 3724 2651 3764 verax
2679 3724 2820 3779 pro-

203 3793 481 3861 plectarum
529 3794 675 3849 ordo
723 3793 1042 3865 prophetiis
1089 3796 1205 3851 suis
1252 3795 1312 3849 in
1365 3800 1488 3850 toto
1539 3794 1779 3865 expletis
1831 3794 1937 3849 deo
1993 3784 2214 3866 gratias
2252 3811 2426 3866 agere
2461 3812 2576 3850 non
2613 3801 2823 3864 cessat,

206 3878 305 3933 ubi
329 3878 509 3951 judex
543 3884 896 3952 apostolorum
932 3883 1168 3953 chorus,
1219 3888 1452 3953 accepta
1488 3888 1620 3936 aute
1655 3882 1935 3952 promissa
1968 3880 2252 3951 mercede,
2301 3882 2626 3952 perenniter
2662 3882 2815 3969 exul·

208 3966 383 4035 tabit,
446 3967 543 4022 ubi
585 3975 878 4041 martyres,
942 3971 1131 4041 palma
1176 3971 1439 4042 martyrii
1487 3987 1680 4025 eorum
1730 3969 1987 4025 coronati
2025 3969 2417 4025 consolatione
2453 3968 2821 4040 perfruuntur

208 4059 425 4109 aeterua
447 4094 461 4122 ‚
497 4055 592 4110 ubi
627 4057 958 4127 consessores
974 4097 989 4126 ,
1025 4058 1272 4128 praemiis
1308 4058 1425 4113 suis
1460 4056 1846 4127 multiplicatis
1864 4097 1878 4124 ,
1913 4057 1970 4110 in
2006 4055 2099 4110 dei
2137 4055 2398 4111 laudibus
2433 4061 2820 4125 perseverant,

207 4143 305 4198 ubi
346 4147 576 4214 viminea
612 4146 901 4201 centesimi
928 4144 1146 4202 fructus
1172 4146 1546 4202 retributione
1578 4144 1918 4212 habundant,
1954 4150 2012 4198 et
2037 4146 2205 4200 viduoe
2231 4140 2572 4214 sexagesimi
2600 4137 2817 4197 fructus

206 4229 564 4287 restitutione
618 4234 1000 4302 honorantur,
1064 4233 1162 4288 ubi
1195 4235 1433 4289 monachi
1467 4249 1536 4287 ex
1570 4231 2022 4287 remuneratione
2060 4229 2415 4284 saecularium
2453 4227 2694 4283 omnium
2729 4246 2820 4284 sa-

205 4316 365 4384 tiati,
421 4317 509 4372 dei
544 4318 802 4375 laudibus
840 4320 1098 4375 insistere
1136 4336 1249 4375 non
1287 4319 1617 4387 cessabunt,
1673 4319 1770 4374 ubi
1800 4323 2124 4389 poenitente-5,
2172 4316 2449 4386 depositis
2487 4316 2820 4372 delictorum

207 4419 442 4459 suorum
490 4404 755 4461 oneribus
768 4451 782 4479 ‚
848 4408 967 4461 sine
1021 4404 1130 4461 fine
1182 4406 1343 4463 deum
1389 4407 1686 4462 laudantes
1737 4405 2122 4477 congaudent,
2187 4403 2285 4458 ubi
2329 4408 2485 4475 pueri
2520 4420 2726 4475 agnum
2762 4404 2817 4458 in

204 4490 355 4544 albis
391 4498 716 4561 sequentes,
781 4494 943 4548 deum
976 4494 1210 4549 laudare
1248 4493 1528 4550 cantando
1565 4510 1680 4549 non
1716 4497 1972 4562 cessant,
2037 4492 2132 4546 ubi
2180 4490 2598 4564 gloriosissima
2635 4489 2816 4561 virgo,

205 4575 295 4631 dei
347 4577 596 4648 genitrix
631 4580 809 4636 Maria
859 4597 1030 4652 super
1077 4582 1286 4636 choros
1335 4581 1671 4652 augelorum
1711 4580 1984 4651 exaltata,
2049 4578 2428 4634 inaestimabili
2463 4576 2724 4632 claritate
2761 4579 2819 4628 et

204 4660 563 4721 formositate
593 4682 786 4723 omnes
818 4668 1070 4724 hilarans
1098 4668 1459 4740 conspicitur.
1516 4668 1681 4723 Diese
1707 4666 2058 4738 Auordnung
2085 4666 2185 4722 der
2209 4665 2488 4737 Heiligen,
2525 4668 2819 4719 worunter
