3175 5234
478 691 649 765 999.
717 684 889 796 Αῌα
943 692 1306 788 sequentia
1362 689 1451 762 de
1507 718 1563 764 s.
1617 693 1957 766 Raterina
2013 695 2500 792 (troparium).

221 933 281 995 1.
348 930 475 996 Ave
511 930 808 1012 preclara
851 927 1265 1011 margarita,-

351 1052 499 1097 nam
544 1039 656 1098 tua
692 1038 918 1096 tenera

265 1142 274 1150 '
350 1142 452 1198 est
494 1135 629 1199 vita
674 1132 1026 1199 crudeliter
1072 1138 1262 1196 torta.

217 1326 280 1387 2.
344 1323 517 1409 Euae
559 1322 751 1404 virgo
796 1318 1070 1421 Christi,

349 1434 413 1491 te
458 1424 873 1508 praesentasti

351 1528 435 1593 ad
480 1547 703 1591 manus
749 1536 1087 1609 cruentam,
1368 1610 1372 1614 .

351 1640 422 1696 ut
464 1633 632 1697 falsa
678 1632 933 1696 numina
979 1630 1312 1713 ostendas,

352 1735 525 1817 quod
570 1754 698 1800 non
745 1737 830 1799 sit
872 1735 935 1798 in
981 1735 1083 1799 his

352 1840 559 1922 salus»,
606 1839 952 1904 affirmans,

361 1975 567 2058 γίνου,
612 1978 802 2042 docus
830 1977 1073 2056 mundi,
1259 2045 1274 2060 ,
1392 1978 1471 2039 10

350 2085 420 2143 ιιι
463 2080 785 2159 superasti

351 2179 554 2243 falsos
601 2188 895 2244 oratores

349 2285 686 2366 praemittis
733 2283 962 2348 roseos
1007 2292 1076 2349 ut
1121 2283 1317 2348 flores

350 2387 502 2468 igne
549 2397 868 2452 crematos

356 2491 438 2554 ad
486 2491 634 2556 coeli
679 2492 933 2557 choros.
1033 2535 1041 2540 -
1390 2494 1471 2554 15

353 2680 433 2745 Te
465 2680 716 2763 plenam
756 2680 878 2761 fide

353 2783 587 2848 scimus
626 2802 744 2867 spe
790 2791 858 2846 et
900 2784 1169 2850 caritate

356 2884 792 2950 blandimenta

355 2997 424 3052 et
466 2991 669 3053 minas
716 2989 974 3054 derides
1017 2997 1084 3053 et
1126 2991 1362 3071 plagas

358 3092 534 3172 regis
580 3111 921 3178 exuperas,
1249 3127 1256 3132 ·
1390 3095 1473 3158 20

363 3232 443 3298 Te
486 3233 718 3314 liynum
761 3236 898 3297 vitoe
939 3277 974 3306 .

355 3336 672 3398 saturavit
709 3335 1132 3418 sempiterne,

357 3437 532 3519 quod
578 3436 662 3500 ad
706 3437 1023 3502 flammam

358 3557 481 3602 nec
523 3539 756 3602 famem
815 3560 937 3604 nec
982 3540 1158 3622 regis
1204 3545 1498 3603 examen·

1392 3644 1475 3704 25
1579 3634 1639 3695 6.
1705 3631 1834 3696 Fac
1874 3628 2105 3713 fontem
2151 3630 2422 3708 dulcem,

357 3661 482 3705 nec
525 3650 792 3707 mortem
836 3660 1100 3725 paveas.

227 3832 293 3893 4.
356 3829 444 3894 Tu
488 3848 717 3911 aquam
763 3847 963 3912 reqem
979 3879 994 3908 ‚

362 3940 545 3999 terroe
587 3936 1063 4014 dominatorem,

363 4035 680 4118 sapientia

363 4137 581 4202 divina
627 4139 918 4218 testaris,

362 4240 719 4324 dampnosa
763 4242 1019 4305 numina
1394 4244 1479 4307 30

365 4346 542 4426 regis
590 4346 948 4426 execraris;

369 4481 575 4564 Tuque
614 4480 923 4564 furemem

362 4585 705 4654 Leviaclaan
747 4594 1092 4671 serpentem

1709 931 2071 1015 projectum
2120 934 2289 997 coelo

1707 1034 2068 1100 demersum
2110 1034 2429 1119 profundo
2745 1039 2827 1100 35

1707 1138 1965 1202 humani
2011 1140 2277 1220 generis

1709 1256 1859 1302 esse
1903 1239 2240 1303 inimicum.

1430 1424 1469 1484 5
1577 1428 1638 1491 5.
1700 1427 1862 1492 Hinc
1906 1428 2237 1509 gentilium

1708 1533 2035 1596 concurrit
2078 1532 2295 1616 plebs,
2342 1523 2584 1613 regina
2625 1523 2631 1529 ’

1711 1635 1919 1699 credit
1962 1643 2028 1697 et
2072 1633 2510 1718 PorphyriuS,
2748 1635 2829 1697 40

1710 1742 1779 1802 at
1822 1734 2187 1799 Maxentius

1710 1837 1862 1902 furit
1908 1856 1986 1901 ac
2028 1838 2245 1900 fremit
2536 1907 2541 1911 ,

1709 1941 1999 2022 reginam
2038 1940 2331 2023 jugulari
2378 1949 2570 2021 atque

1711 2042 1940 2107 ducem
1983 2043 2327 2126 praecepit3

1711 2145 2108 2209 aeternaliter
2747 2146 2826 2207 45

1708 2245 2062 2313 coronandi
2106 2253 2442 2311 transeunt

1707 2349 1792 2415 ad
1837 2351 2043 2415 coelos
2088 2350 2531 2415 victorialiter.

1706 2486 1868 2552 Hinc
1910 2506 2148 2554 manna
2187 2504 2402 2553 verum

1708 2595 2105 2676 martyribus
2151 2592 2345 2658 datur

1708 2696 1770 2758 in
1820 2715 2030 2760 aevum
2073 2698 2138 2760 in
2184 2696 2393 2777 omlis,
2747 2695 2829 2764 5⁰

1708 2805 1779 2861 ut
1823 2795 2198 2864 Katherinae

1707 2900 1953 2963 fructus
1998 2909 2351 2965 accrescat.

1702 3001 1841 3086 jam
1871 3010 2034 3066 τοίω
2061 3010 2516 3085 praa-parantur
2546 3000 2630 3064 ad
2662 3001 2829 3065 hanc

1711 3107 2122 3172 lacerandam
2171 3124 2249 3170 ac

1707 3226 1858 3273 mox
1905 3207 2334 3292 prosternitur
2747 3210 2829 3270 55

1708 3321 1989 3396 martyr,
2034 3312 2212 3393 regis
2256 3311 2465 3373 illaesa

1711 3415 1832 3480 hiis
1878 3414 2034 3478 diris
2081 3412 2486 3478 cruciatibus,

1713 3752 1899 3815 quem
1944 3730 2304 3796 Katherina

1712 3843 1962 3918 martyr
2007 3834 2471 3918 praegustavit,
2748 3832 2832 3894 60

1712 3938 2044 4019 deyustare
2086 3955 2227 4000 cum
2268 3937 2523 3999 sincera
2565 3932 2703 4012 tide,

1715 4046 1781 4102 et
1826 4047 1890 4102 te
1936 4039 2030 4101 sic
2078 4056 2333 4115 amare,

1718 4148 1787 4204 ut
1832 4137 2200 4204 confitendo

1719 4250 1889 4307 tuum
1936 4242 2255 4325 possimus

1720 4364 2003 4410 amorem
2047 4344 2340 4407 invitare.
2756 4349 2838 4411 65

1721 4484 1849 4551 Fac
1892 4487 2024 4566 iem·
2064 4488 2283 4550 sancto

1722 4606 1842 4654 nos
1885 4588 2295 4670 inflammari,
