3175 5234
380 273 472 341 98

557 459 626 513 V.
664 460 821 514 6—8.
874 452 1148 511 Aehnlich
1187 450 1260 507 im
1295 452 1492 507 Horar.
1518 454 1642 505 210.
1680 446 1710 506 ὁ
1746 449 1843 522 τῆς
1880 447 2139 525 ἀνδρείας
2175 452 2473 524 ἐπώνυμος.

564 546 628 600 V.
670 548 753 599 10.
810 561 948 599 crux
987 544 1190 597 amata.
1265 542 1350 594 12.
1387 539 1627 593 imitans.
1682 539 1879 593 Crucis
1915 539 2267 609 praedicator
2304 546 2362 595 et
2399 547 2618 597 amator
2657 547 2716 600 et
2752 543 3017 615 magistri

386 634 526 690 boni
574 649 680 704 per
727 648 851 686 eam
897 630 1160 684 imitator.
1237 629 1463 682 Anselmi
1498 626 1644 681 Cant.
1696 631 1839 682 orat.
1878 628 1965 680 66.
2031 627 2266 699 μιμητὴς
2311 627 2411 683 τοῦ
2462 628 2693 693 πάθους
2743 634 3016 706 Χριστοῦ.

387 722 537 777 Νον.
572 723 656 775 30.
730 719 907 790 comos
943 715 1179 789 μιμητὴς
1215 713 1313 771 τοῦ
1350 713 1446 769 διὰ
1483 712 1728 789 σταυροῦ
1762 711 1941 770 αὐτοῦ
1980 713 2229 778 πάθους.
2275 716 2408 771 ibid.

567 807 632 861 V.
670 809 754 860 14.
805 803 1053 877 gemello
1091 803 1374 874 stigmate,
1410 801 1546 855 weil
1581 802 1702 856 sein
1740 801 1956 856 Bruder
1991 802 2195 857 Petrus
2232 805 2375 858 auch
2412 805 2751 877 gekreuzigt
2789 806 3015 860 warde.

908 1153 1080 1227 690.
1150 1153 1238 1223 In
1293 1155 1648 1224 nativitate
1698 1180 1751 1225 s.
1806 1153 2113 1227 Andreae
2159 1153 2482 1253 apostoli.

394 1389 572 1456 Laus
619 1392 999 1473 angelorum
1041 1390 1290 1471 inclita,
1754 1412 1960 1457 nexus
2009 1394 2181 1457 cruci
2227 1413 2348 1476 per
2393 1392 2650 1458 biduum
2932 1395 3018 1456 15

395 1511 551 1575 spes
597 1493 1000 1556 conditorum
1043 1493 1259 1570 unica,
1753 1495 2045 1579 pendens
2093 1495 2313 1559 docuit
2354 1496 2678 1579 populum.

392 1595 608 1659 lumen
658 1595 817 1659 (leus
869 1593 949 1657 de
995 1595 1260 1676 lumine,

396 1705 468 1762 tu
512 1716 633 1761 nos
678 1699 761 1762 ab
809 1698 942 1761 alto
986 1699 1261 1780 respice,
1755 1682 1868 1746 Sic
1913 1683 2056 1764 ejus
2104 1689 2386 1763 aeterno,
2434 1680 2727 1765 Christe,

1755 1784 2174 1850 clarificatum
2219 1784 2455 1848 lumine

392 1883 598 1950 Nobis
645 1888 1007 1953 secundans
1054 1887 1226 1953 hunc
1270 1888 1470 1969 diem,
1608 1891 1645 1950 5
1755 1888 2044 1971 spiritum
2093 1906 2350 1951 sumens
2394 1889 2460 1951 in
2504 1908 2669 1971 pace

390 1990 678 2071 apostoli
723 1991 1106 2073 sollempnia
1755 1989 1901 2054 coeli
1944 1990 2176 2056 locasti
2222 1989 2287 2051 in
2325 1989 2602 2068 aethere3
2925 1992 3017 2054 20

392 2088 720 2176 Andreae,
768 2096 954 2178 cujus
1000 2116 1121 2175 per
1166 2097 1388 2160 orbem

397 2194 580 2260 clara
624 2199 819 2263 micat
856 2200 1196 2263 confessio.
1361 2235 1400 2251 --
1755 2174 1981 2239 Cuncti
2030 2174 2133 2238 ⁰¹¹5
2180 2174 2686 2257 Pf⁰⁰¹am⁶¹¹¹1182

1752 2275 2044 2358 Andrea,
2085 2295 2395 2341 succurre
2439 2279 2619 2360 pius!

394 2383 538 2461 Qua
584 2394 650 2448 te
687 2385 1167 2466 redemptorem
1208 2386 1388 2450 saecli
1755 2397 1884 2463 quo
1929 2399 2050 2464 pro
2088 2381 2274 2445 nobis
2320 2389 2631 2444 exorante

393 2489 602 2550 verbo
649 2488 955 2568 probavit
999 2486 1188 2566 fidei,
1564 2489 1646 2550 10
1753 2493 2073 2547 memento
2118 2484 2351 2565 nostri,
2400 2484 2671 2547 domine.

391 2603 518 2669 pro
565 2594 629 2649 te
675 2593 888 2649 trusus
935 2588 1017 2650 ab
1062 2584 1299 2667 Aegea

405 2689 560 2751 tetri
605 2688 890 2753 carceris
934 2689 1000 2751 in
1045 2690 1188 2750 ima,
1752 2673 1929 2737 Laus
1976 2680 2041 2736 et
2084 2673 2293 2736 honor
2339 2673 2483 2753 tibi,
2532 2670 2817 2755 Christe,
2923 2675 3017 2738 25

1756 2796 1882 2840 una
1934 2794 2075 2839 cum
2121 2783 2439 2856 regnante
2485 2787 2673 2858 patre

395 2873 651 2942 Dehinc
695 2895 905 2940 caesus
951 2877 1295 2958 scorpione
1756 2877 2054 2959 almoque
2100 2878 2287 2942 simul
2331 2878 2603 2958 flamini,

396 2981 521 3044 sub
568 2986 838 3060 septeno
885 2979 1208 3060 ternione,
1754 2980 1863 3042 uni
1910 2981 2030 3042 sub
2075 2980 2244 3042 trino
2289 2980 2562 3043 nomine.

571 3189 668 3243 Hs.
707 3205 775 3241 zu
811 3188 1055 3242 Admont
1100 3185 1206 3239 No.
1248 3187 1330 3240 18.
1383 3185 1482 3239 des
1522 3189 1590 3239 12
1625 3187 1822 3241 Jahrh.
1876 3188 2004 3256 (A).
2076 3187 2172 3241 Hs,
2220 3204 2285 3240 zu
2325 3186 2382 3242 S.
2420 3188 2589 3242 Peter
2625 3187 2680 3241 in
2718 3189 3015 3262 Salzburg

398 3276 471 3344 V,
507 3280 594 3330 24.
632 3277 731 3332 des
770 3278 837 3329 12
872 3275 1067 3330 Jahrh.
1118 3275 1246 3342 (Β).
1320 3274 1415 3328 Hs.
1455 3291 1524 3327 zu
1563 3273 1896 3344 Wiirzburg
1933 3274 2128 3328 Theol.
2167 3290 2325 3345 perg.
2362 3275 2469 3328 No.
2506 3277 2593 3328 34.
2631 3272 2730 3330 fol.
2768 3278 2869 3332 ult.
2904 3294 3013 3333 aus

393 3363 521 3419 dem
558 3365 622 3415 11
662 3363 857 3418 Jahrh.
895 3362 996 3416 mit
1032 3360 1130 3414 der
1166 3360 1407 3415 Melodie
1445 3361 1571 3428 (C).

575 3514 609 3567 9
646 3509 1000 3581 redemptore
1039 3513 1099 3567 C.
1176 3514 1235 3563 11
1279 3516 1467 3564 trusus
1505 3507 1652 3564 fehlt
1688 3512 1764 3578 B,
1802 3528 1908 3582 per
1945 3510 1983 3566 f.
2018 3528 2125 3581 pro
2162 3512 2225 3580 B,
2266 3512 2338 3566 ab
2376 3509 2520 3568 fehlt
2559 3512 2615 3567 G.
2690 3515 2758 3566 12
2794 3513 2910 3568 imo
2952 3515 3014 3572 C.

393 3601 469 3653 14
505 3599 786 3655 tentrione
824 3598 881 3653 C.
958 3601 1025 3651 17
1062 3598 1289 3654 Christo
1328 3598 1390 3653 Ο.
1461 3599 1527 3650 21
1568 3598 1659 3651 cui
1697 3598 1881 3652 cuncti
1920 3599 1978 3653 B.

574 3747 639 3799 V.
676 3749 727 3800 2.
787 3762 931 3815 spes.
988 3746 1106 3801 Den
1144 3746 1512 3802 Unterschied
1563 3748 1848 3802 zwischen
1887 3747 1986 3802 der
2023 3747 2309 3820 Hoffnung
2357 3750 2459 3804 der
2495 3750 2703 3805 Heiden
2756 3752 2868 3806 und
2907 3751 3017 3808 der

397 3838 662 3896 Christen
699 3836 858 3890 stellt
891 3838 1157 3906 Anqustin.
1194 3836 1262 3890 de
1291 3837 1553 3906 praedest.
1585 3842 1634 3907 1,
1662 3841 1712 3890 2.
1751 3838 1851 3893 mit
1887 3855 2124 3909 grosser
2151 3838 2390 3894 Scharfe
2429 3857 2496 3894 so
2526 3838 2648 3893 auf:
2690 3856 2756 3893 ne
2777 3844 3018 3896 teneant

390 3931 653 3999 poeticam
689 3922 1036 3991 sententiam,
1074 3939 1181 3993 qua
1219 3923 1422 3978 dictum
1461 3930 1574 3979 est:
1615 3939 1732 3994 spes
1768 3927 1860 3979 sibi
1888 3930 2111 3996 quisque,
2150 3931 2206 3980 et
2245 3927 2299 3980 in
2337 3926 2476 3979 illud
2513 3926 2818 3995 incurrant,
2856 3928 3015 3998 quod

392 4029 511 4072 non
547 4011 790 4083 poetice,
826 4009 926 4064 sed
958 4011 1254 4080 prophetice
1289 4010 1492 4065 dictum
1532 4017 1645 4067 est:
1684 4013 1978 4067 maledictus
2015 4017 2315 4084 omni3,·qni
2348 4029 2492 4085 spem
2528 4014 2678 4068 habel
2711 4018 2768 4067 in
2801 4015 3016 4069 homme

396 4101 635 4169 (Jerem.
673 4103 759 4167 17,
796 4101 875 4167 5).
948 4096 1081 4168 Vgl.
1118 4097 1224 4152 No.
1262 4101 1383 4164 394,
1425 4100 1509 4152 16.

576 4211 643 4265 V.
677 4213 762 4266 20.
819 4210 950 4265 coeli
986 4209 1180 4276 aether,
1219 4208 1293 4263 ist
1328 4207 1777 4278 Umschreibung
1812 4208 1921 4261 wie
1960 4224 2063 4262 arx
2101 4210 2364 4264 aetherea.
2401 4209 2505 4265 No.
2542 4214 2665 4278 571,
2702 4213 2786 4264 17.
2835 4212 3014 4265 Wird

395 4295 545 4349 auch
580 4311 725 4367 apex
760 4302 1036 4367 genannt,
1075 4295 1178 4350 No.
1208 4296 1329 4364 698,
1366 4297 1451 4349 30.
1486 4294 1597 4348 und
1636 4291 1726 4350 oft
1761 4294 1891 4350 coeli
1931 4295 2070 4349 oder
2109 4295 2356 4350 coelestis
2396 4298 2569 4352 curia.
2626 4294 2733 4352 No.
2770 4300 2901 4367 715,
2926 4300 3013 4352 16.

573 4404 638 4457 V.
672 4407 759 4459 28.
813 4410 1050 4463 nomine.
1106 4409 1165 4464 S.
1206 4409 1312 4464 No.
1350 4412 1400 4477 4,
1437 4412 1510 4462 7.·
