3175 5234
378 517 505 599 Qui
548 514 912 601 inplumens
955 508 1084 574 heu
1128 506 1459 592 deplumat

374 628 573 704 atque
618 617 865 683 rabiem
908 613 1251 696 despumat

463 716 892 806 opprimendo
938 713 1218 796 debiles,

374 822 565 906 cnjus
609 817 963 903 gaudiosus
1009 823 1235 881 cantus
1549 815 1590 875 ⁷
1593 814 1634 876 0

378 924 612 992 aeterni
660 927 1017 1004 sequuntur
1052 919 1353 1003 planctus

469 1036 732 1094 atroces
774 1033 842 1092 et
883 1024 1156 1092 flebiles.

379 1234 521 1303 Sed
566 1234 911 1322 prudentia
956 1252 1239 1318 superna

382 1337 814 1424 praevidebat,
858 1343 930 1402 ut
973 1335 1242 1400 lucerna

474 1444 740 1504 extares
787 1438 851 1500 in
894 1434 1154 1520 patulo,
1552 1435 1636 1498 '1⁵

383 1540 454 1604 in
498 1553 802 1623 supremo
845 1534 1261 1620 prm-latus,

381 1657 659 1723 gregem
701 1636 849 1719 ejus
894 1636 1272 1702 sublimatus

470 1758 746 1823 regeres
783 1757 930 1804 cum
974 1738 1227 1805 bacuio.

383 1956 638 2024 Pravos
681 1956 937 2022 stimulo
982 1954 1365 2040 pungendo,

384 2077 558 2127 unco
602 2062 809 2126 bonos
854 2057 1278 2140 attrahendo,
1549 2056 1636 2121 80

477 2160 653 2244 quod
697 2168 798 2225 est
841 2160 932 2245 pii
975 2158 1310 2245 praesidis3

384 2262 560 2348 qnod
605 2264 878 2330 ubertim
921 2263 1255 2347 perfecisti

388 2375 461 2433 nt
504 2364 716 2431 fidelis
751 2384 982 2430 servus
1027 2365 1266 2430 Christi
1280 2414 1297 2445 ‚

478 2487 736 2553 poenam
779 2468 994 2532 vitans
1038 2466 1299 2532 desidis.

389 2683 579 2750 Voce
624 2682 842 2749 cordis
887 2701 1010 2750 nec
1052 2702 1182 2749 non
1225 2685 1358 2750 oris
1555 2687 1643 2753 85

394 2787 590 2854 deum
633 2803 787 2853 oras
829 2787 1057 2871 paucis
1102 2787 1283 2853 lroris

479 2908 714 2974 squam
757 2890 972 2954 vivam
1017 2892 1270 2974 sitiens,

395 2999 463 3058 te
507 2993 954 3076 cunctipotens
997 2994 1275 3078 audivit,

391 3094 544 3162 fons
587 3116 629 3161 e
669 3102 849 3161 terra
893 3097 1229 3162 scaturivit

478 3198 772 3284 plurimis
815 3197 1161 3265 sufficiens.
1556 3199 1644 3264 90

385 3413 640 3486 nonum
682 3416 749 3481 in
794 3415 989 3481 terris
1034 3416 1288 3497 sevisti,

386 3517 565 3602 qnod
607 3520 676 3584 in
720 3519 905 3584 coelis
948 3519 1276 3585 messuisti

474 3619 792 3686 fructibus
834 3621 1201 3704 uberrimis3

384 3722 780 3805 praescivisti
821 3723 978 3787 vitae
1019 3731 1254 3788 metam
1267 3771 1286 3806 ‚

384 3822 592 3888 intras
635 3820 743 3888 dei
787 3824 1000 3889 aulam
1041 3825 1258 3890 laetam
1272 3872 1290 3909 ,
1554 3829 1638 3893 95

387 3987 396 4002 ,
477 3923 591 3990 ubi
630 3941 801 3989 nunc
842 3923 1292 4009 pulcherrimis

1708 813 2156 899 ’praemunitus
2199 810 2651 892 sacramentis,
2736 829 2743 840 ·

1735 504 1974 572 Vernis
2017 504 2286 571 floribus
2332 504 2589 569 ornaris

1734 616 1803 673 et
1842 625 1988 673 cum
2021 605 2288 691 paribus
2323 603 2569 669 laetaris

1819 710 1887 774 in
1931 717 2181 775 aeterna
2224 708 2438 791 gloria
2453 753 2472 790 ,

2872 807 3006 873 100

1736 923 1870 981 tuse
1914 916 2129 980 carnis
2173 921 2369 996 atque
2412 912 2645 979 mentis

1826 1017 1999 1083 omni
2039 1017 2179 1082 lota
2221 1016 2456 1081 scoria.

1738 1230 1868 1316 Eja
1911 1238 2101 1316 pater
2144 1238 2213 1295 et
2257 1239 2566 1315 patrone,

1738 1351 1861 1399 nos
1905 1334 2198 1399 satanico
2234 1351 2544 1421 mucrone

1827 1433 2123 1500 confixos
2166 1434 2520 1500 crudeliter
2966 1438 3010 1498 ⁵

1738 1537 2130 1620 gemebundi
2174 1538 2572 1603 clamitamus
2590 1584 2609 1616 ‚

1739 1640 2015 1724 impetra
2059 1637 2204 1720 hoc,
2249 1637 2424 1721 quod
2468 1656 2836 1721 speramus,

1829 1747 2091 1804 orantes
2134 1738 2432 1804 fideliter.

1741 1951 1866 2020 Dei
1911 1954 2191 2037 gratiam
2235 1952 2459 2036 adepti
2473 2000 2493 2035 ,

1743 2058 1955 2142 poenis
2001 2057 2287 2131 trucibus
2332 2058 2544 2141 erepti
2922 2060 3010 2122 10

1829 2159 2163 2225 infernalis
2206 2159 2395 2225 furiae
2410 2207 2428 2242 ,

1746 2265 1813 2328 in
1858 2270 2214 2347 conspectu
2257 2263 2515 2329 deitatis

1744 2374 2216 2453 praesentemur
2263 2386 2407 2433 cum
2446 2367 2659 2432 beatis

1832 2469 1981 2534 coeli
2026 2469 2145 2535 toti
2190 2469 2407 2534 curiae.

1748 2679 1877 2756 Ubi
1919 2684 2230 2748 coelorum
2273 2683 2568 2766 reginam
2923 2687 3006 2749 15

1746 2795 1817 2853 et
1859 2786 2204 2851 essentiam
2248 2785 2534 2852 divinam

1834 2889 2141 2954 mirantes
2184 2887 2578 2971 videbimus,

1748 2998 1816 3057 et
1857 2990 1979 3074 his,
2027 2990 2138 3073 qui
2180 3008 2303 3073 pro
2349 2990 2556 3074 culpis
2601 2998 2898 3074 gemunt,

1747 3112 1912 3179 quos
1958 3094 2150 3179 hujus
2193 3093 2413 3160 mundi
2466 3083 2637 3160 mala
2679 3103 3005 3179 premunt,

1833 3198 1967 3263 laeti
2011 3196 2516 3280 conridebimuS,
2916 3198 3005 3262 20

1632 3490 1644 3503 ·
1745 3412 1983 3479 Grates
2028 3413 2153 3480 deo
2199 3413 2562 3481 referentes

1745 3526 2019 3605 propter
2061 3519 2310 3602 gratias
2352 3519 2652 3602 ingentes

1830 3619 2040 3685 factas
2082 3620 2608 3702 magnanimiter3

1744 3720 1858 3790 det
1899 3721 2029 3788 hoc
2070 3723 2259 3788 nobis
2302 3722 2538 3788 almum
2582 3720 2855 3804 flamen,

1744 3823 1944 3892 corde
1988 3831 2128 3891 toto
2172 3824 2429 3908 dicant,
2472 3844 2691 3905 amen,

1829 3945 2052 3993 omnes
2094 3928 2494 3994 unanimiter.

2871 3824 3001 3887 125

564 4141 1960 4206 ffl.n11fineaencln.1ssu.des1ssahrh.

571 4280 641 4336 19
674 4282 1027 4354 ministrans,
1064 4283 1159 4341 Hs.
1245 4287 1320 4342 24
1353 4283 1780 4359 proficies‚11s.
1876 4291 1949 4345 43
1997 4287 2198 4344 dolens
2232 4289 2394 4344 wire
2430 4287 2559 4343 hier
2589 4285 2702 4341 and
2738 4286 2890 4342 cedis
2925 4289 3003 4344 ⁴6

392 4368 607 4425 basset.
698 4370 769 4424 56
822 4370 1117 4443 exultans,
1171 4373 1268 4429 Hs.
1325 4372 1525 4430 besser
1570 4374 1755 4431 bleibt
1798 4377 1895 4432 sed
1936 4390 2070 4448 weg
2114 4374 2227 4430 und
2272 4373 2424 4430 wir-d
2467 4376 2713 4430 mnudi
2759 4379 3001 4445 cesant.

385 4457 464 4513 98
496 4456 577 4513 ibi
609 4455 651 4514 f.
686 4463 761 4528 st,
794 4460 892 4516 Hs.
993 4462 1263 4519 118—20
1296 4463 1424 4520 sisd
1457 4464 1783 4522 montlieu
1815 4465 1928 4521 und
1964 4467 2072 4520 119
2106 4463 2465 4536 verdon-ben,
2494 4461 2790 4519 vieueieht
2823 4460 3003 4518 sollte

379 4555 456 4606 Or
483 4544 703 4603 huten·
739 4552 800 4602 et
831 4564 975 4618 quos
1007 4551 1212 4621 mundi,
1246 4552 1449 4610 vonit
1481 4552 1625 4610 abst
1658 4552 1761 4609 der
1796 4553 1938 4611 Sinn
1972 4552 2130 4609 nicht
2161 4553 2360 4610 bea-er
2394 4552 2563 4609 vini.

566 4688 635 4746 V.
670 4689 896 4747 60-52.
946 4705 1042 4750 cor
1068 4696 1253 4769 mima,
1273 4655 1385 4757 ‘ein
1410 4699 1737 4773 Wortspiel
1769 4715 1871 4757 sur
1895 4698 2219 4772 Erklarung
2256 4700 2357 4757 des
2391 4700 2636 4758 Nsmens
2663 4694 3001 4757 corbi-hu.
