3175 5234
438 260 537 331 18

625 441 720 496 Hs.
756 456 827 494 zu
862 435 1058 506 Trier,
1105 438 1381 497 Domhibl.
1430 439 1538 497 No.
1576 441 1662 494 75.
1710 439 1767 495 F.
1817 454 1921 495 aus
1956 437 2081 493 dem
2117 439 2186 491 12
2221 435 2418 492 Jahrb.
2465 437 2594 506 (A).
2679 435 2795 493 Das
2832 436 3066 495 Gediebt

452 530 533 584 ist
581 542 698 583 von
732 524 964 581 Anselm
1009 540 1123 580 von
1160 526 1521 597 Canterbury
1569 526 1684 581 und
1730 526 1882 581 steht
1930 524 1987 579 in
2036 523 2237 579 dessen
2271 522 2531 578 Werken
2584 522 2704 594 (ed.
2752 523 3066 591 Gerberou,

450 616 648 673 Venet.
688 617 841 668 1744.
878 619 1012 669 tom.
1042 612 1090 681 ’1,
1125 615 1265 683 399)
1317 616 1446 685 (Β).
1515 615 1578 669 In
1630 613 1839 669 diesem
1874 613 2045 668 Liede
2093 611 2239 667 liisnt
2274 611 2503 666 Amelm
2540 612 2630 666 die
2665 613 2967 667 Assonanz
3002 630 3068 667 zu

452 703 600 758 nach
634 701 737 757 der
770 700 1197 757 franziisischen
1233 704 1342 758 Art
1377 703 1566 758 seiner
1603 702 1756 770 neit,
1815 702 1883 756 V.
1922 704 2010 757 39.
2043 702 2128 755 40.
2164 700 2249 754 55.
2285 700 2356 753 56
2393 703 2498 755 etc.
2586 702 2646 754 ln
2682 699 2787 754 No.
2824 700 2935 753 621
2971 700 3069 754 hat

448 804 517 844 er
550 789 690 845 aber
723 788 1178 844 vollkommenen
1212 789 1397 857 Reim,
1440 790 1657 845 ebenso
1693 789 1749 843 in
1786 788 1894 844 No.
1930 788 2261 856 422-429,
2315 801 2412 841 wo
2448 802 2556 841 nur
2589 785 2685 842 die
2720 787 2845 841 eine
2884 786 3066 842 Stelle

451 876 535 931 11.
572 877 641 930 12
678 873 909 930 funere:
963 875 1167 945 spiritu
1202 875 1258 929 in
1294 874 1495 930 funere
1532 875 1715 931 victo:
1766 875 1971 945 spiritu
2006 892 2077 930 zu
2112 875 2322 930 andern
2357 872 2462 942 ist,
2516 890 2608 928 um
2643 874 2733 928 die
2769 877 3063 930 Assonanz

441 979 528 1018 aaa
561 961 916 1032 berichtigen
932 1001 946 1028 ,
984 958 1076 1015 die
1108 977 1238 1015 man
1275 963 1419 1017 auch
1454 962 1586 1019 dort
1621 959 1716 1017 fiir
1752 961 1912 1017 einen
1947 960 2396 1019 vollkommenen
2423 959 2581 1021 Reim
2615 959 2812 1017 baltea
2845 957 3000 1017 dart

632 1084 668 1137 3
705 1097 995 1137 sacrarum
1030 1082 1093 1137 B.
1166 1084 1234 1136 16
1268 1083 1516 1154 gloriam
1552 1083 1668 1151 AB,
1706 1082 1848 1138 aber
1882 1083 2127 1154 gratiam
2163 1081 2382 1137 echeint
2416 1080 2522 1136 mir
2548 1080 2758 1136 besaer.
2822 1083 2900 1136 20
2924 1078 3068 1137 fehlt

450 1170 511 1225 in
545 1170 611 1226 Β.
678 1171 751 1224 29
784 1169 927 1225 nihil
958 1170 1020 1226 Β.
1092 1171 1164 1225 30
1198 1169 1397 1239 putavi
1430 1170 1493 1224 B.
1564 1172 1637 1224 32
1669 1166 1902 1240 profers
1936 1170 2096 1223 ware
2133 1168 2344 1224 hemer.
2425 1170 2497 1223 33
2532 1183 2657 1223 cum
2689 1169 2756 1223 Β.
2827 1170 2903 1224 36
2939 1184 3066 1240 per-

452 1256 584 1328 pnd.
623 1257 687 1312 Β.
771 1258 842 1312 89
891 1262 1251 1313 contemnere
1303 1258 1369 1312 A.
1463 1258 1535 1311 90
1570 1255 1829 1328 digerere
1867 1256 1929 1311 B.
2015 1257 2086 1310 96
2123 1273 2229 1312 oro
2266 1261 2329 1311 ut
2363 1253 2458 1311 dis.
2494 1257 2556 1311 Β.
2641 1258 2747 1312 103
2782 1271 2914 1327 qum
2947 1257 3061 1323 AB,

452 1344 599 1399 auch
651 1343 710 1399 in
758 1345 862 1397 111
921 1344 1076 1399 steht
1125 1342 1227 1397 der
1263 1346 1458 1398 Aecus.
1569 1346 1673 1397 112
1707 1342 2009 1421 praeelegit
2045 1343 2106 1398 B.
2217 1345 2319 1396 125
2357 1343 2412 1397 in
2451 1348 2508 1398 te
2544 1343 2603 1397 B.
2715 1345 2822 1397 127
2855 1343 2964 1398 sim
3000 1344 3064 1409 A,

449 1428 518 1486 lit
552 1432 614 1486 B.
697 1431 804 1486 128
839 1430 1120 1489 decultior
1158 1431 1220 1485 B.
1308 1433 1409 1485 143
1439 1431 1564 1504 jam
1599 1428 1744 1486 fehlt
1779 1431 1839 1486 B.
1931 1432 2037 1485 144
2074 1447 2123 1485 ιι.
2161 1437 2221 1485 et
2253 1430 2631 1500 compatimini
2657 1430 2729 1485 .Β.
2802 1431 2909 1484 166
2943 1429 3063 1485 vita

448 1520 670 1587 »terna
702 1532 792 1588 pr.
826 1517 889 1572 Β.
960 1518 1062 1573 167
1100 1517 1484 1573 obliviscimus
1521 1519 1583 1573 B.
1654 1520 1758 1572 174
1788 1533 1897 1573 nec
1935 1533 2045 1573 non
2083 1521 2141 1572 et
2176 1516 2306 1573 Sch.
2343 1517 2406 1572 B.
3159 1504 3160 1529 ³

631 1638 697 1694 V.
726 1641 810 1693 12.
846 1638 1099 1695 nebulas.
1144 1641 1226 1695 18.
1263 1640 1532 1696 tenebrae.
1565 1642 1777 1710 Aust-sl.
1805 1638 1874 1693 de
1910 1654 2063 1710 pecc.
2093 1639 2269 1693 merit.
2299 1643 2349 1707 1,
2369 1640 2441 1693 35
2466 1644 2600 1711 east
2625 1655 2696 1694 zu
2720 1638 2847 1695 Joh.
2871 1641 2956 1709 12,
2975 1641 3059 1694 46.

449 1725 555 1781 lias
590 1725 856 1781 tenebras
893 1726 1026 1796 quid
1060 1726 1170 1782 nisi
1206 1732 1443 1797 peccata
1474 1726 1883 1799 intelligimus?

634 1813 702 1868 V.
739 1816 824 1868 13.
877 1802 1127 1870 θῦνασαι
1164 1813 1271 1870 ὅσα
1310 1817 1510 1878 θέλεις.
1560 1815 1710 1870 Νον.
1748 1816 1832 1868 13.

633 1900 702 1957 V.
727 1903 814 1955 50.
867 1901 1057 1957 Daher
1090 1901 1316 1957 heisseu
1351 1900 1443 1961 «lie
1478 1900 1660 1977 Euge]
1696 1901 1789 1956 bei
1823 1900 1929 1955 den
1958 1900 2231 1957 Griechen
2268 1900 2593 1973 gewonlich
2630 1900 2719 1955 die
2745 1900 3063 1972 Leibloeen,

455 1989 512 2043 οἱ
546 1986 847 2059 ἀσώματοι.

627 2074 695 2129 V.
733 2077 805 2131 97
819 2106 882 2116 —
900 2077 1021 2130 100.
1071 2073 1374 2152 παράσχου
1430 2074 1612 2152 πηγὰς
1660 2073 1914 2151 δακρύων
1966 2071 2121 2146 ἡμῖν,
2183 2077 2268 2130 ἵνα
2306 2071 2703 2146 ἀποπλύνωμεν
2737 2081 2844 2131 ταῖν
2877 2075 3060 2150 ἐγκλη-

451 2162 642 2234 μάτων
675 2158 832 2234 ἡμῶν
864 2161 966 2226 τὰς
998 2163 1236 2235 ’‘nudas‘-
1286 2162 1449 2220 Febr.
1487 2166 1572 2219 13.

625 2248 696 2304 V.
736 2252 855 2306 133.
908 2250 1270 2308 conscientia.
1341 2251 1402 2306 S.
1438 2251 1542 2306 No.
1578 2252 1666 2319 35,
1702 2251 1755 2304 3.
1808 2248 1914 2304 Νο.
1952 2250 2075 2318 593,
2111 2252 2161 2304 7.

594 2403 832 2471 ,ιίεᾶοπ
882 2402 990 2459 anf
1029 2404 1142 2460 alle
1180 2404 1443 2476 Heiligen
1494 2404 1728 2459 worden
1776 2405 1954 2459 echon
1999 2400 2132 2459 frah
2168 2403 2441 2475 gemacht.
2513 2404 2648 2461 Von
2680 2402 2807 2459 dem
2845 2404 3062 2461 ninkon

454 2488 844 2544 wandalbert
878 2490 1001 2557 (nm
1038 2490 1141 2545 das
1177 2490 1320 2546 Jalu-
1356 2491 1493 2565 842)
1531 2490 1683 2546 steht
1720 2490 1875 2545 eines
1911 2489 2005 2545 bei
2038 2490 2282 2561 Dacltery
2316 2489 2574 2565 spicileg.
2618 2491 2671 2560 2,
2705 2493 2790 2545 57.
2827 2491 2914 2548 ed.
2940 2508 3064 2549 nov.

453 2576 559 2632 mit
584 2578 710 2633 (lem
735 2575 993 2650 Anfang:
1033 2578 1255 2635 Christe
1292 2579 1564 2667 coelorum
1600 2580 1893 2636 modulans
1930 2585 2166 2636 caterva
2190 2585 2294 2636 etc.
2365 2580 2684 2652 Folgendes
2713 2580 3065 2636 Bruchstiick

448 2663 608 2720 eines
645 2664 879 2720 solchen
914 2663 1117 2721 Liedes
1167 2681 1271 2722 eus
1307 2664 1431 2721 dem
1469 2668 1538 2720 10
1570 2666 1770 2722 Jahrb.
1818 2668 1969 2723 steht
2014 2667 2074 2722 in
2108 2667 2212 2723 der
2246 2665 2586 2726 Miinchener
2621 2668 2714 2722 Ha.
2751 2667 2887 2726 olm.
2926 2668 3063 2723 4608

451 2750 496 2809 f.
529 2756 672 2823 239„
712 2754 816 2809 der
851 2754 1088 2811 Schluss
1124 2755 1200 2811 ist
1234 2756 1374 2812 aber
1409 2755 1739 2828 wegradirt.

594 2893 746 2949 Deus
781 2895 1013 2953 deorum
1029 2935 1043 2964 ‚
1078 2895 1301 2953 domine
1315 2934 1332 2965 ,
1950 2895 2151 2966 quibus
2186 2912 2291 2966 per
2328 2901 2385 2951 te
2420 2912 2526 2951 nos
2563 2896 2863 2966 quoerimus

596 2994 700 3034 rex
734 2980 1091 3051 sempiternae
1127 2980 1362 3053 gloriae,
1953 2980 2059 3037 deo
2095 2982 2315 3051 placari
2351 2983 2588 3038 coelitus.

597 3079 704 3119 rex
737 3065 1074 3121 invictorum
1112 3065 1377 3135 militum,

615 3164 842 3205 carmen
876 3150 1076 3206 exaudi
1112 3151 1437 3223 supplicum.
1951 3104 2181 3174 v⁰³q¹¹⁰
2206 3103 2411 3176 mm
2446 3104 2791 3161 Ni⁴²¹¹⁰d⁰¹¹¹⁰

1946 3190 2260 3251 Gamalihel
2293 3199 2353 3248 et
2384 3192 2609 3251 Ahihon
2626 3233 2642 3261 ‚

594 3271 724 3327 Jam
761 3277 1150 3344 protomartyr
1185 3272 1497 3344 Stephane,
1949 3292 2057 3348 pro
2093 3277 2215 3332 sine
2249 3274 2360 3331 fine
2381 3277 2752 3346 excessibus,

598 3375 800 3432 preces
836 3360 1076 3421 devotas
1112 3361 1338 3432 accipe,
1951 3360 2116 3418 finem
2153 3380 2266 3419 non
2304 3363 2433 3420 date
2469 3363 2744 3435 precibus.

1161 3640 1332 3715 628.
1405 3630 1547 3714 De
1576 3643 1903 3718 omnibus
1958 3647 2239 3719 sanctis.

449 3835 605 3904 Ave
650 3839 856 3905 trinus
898 3841 967 3905 in
1011 3845 1307 3925 personis
1323 3893 1340 3926 ,
1806 3848 1971 3914 Jesu
2021 3849 2128 3914 dei
2173 3848 2488 3915 mediator

490 3964 509 4011 ‚⁴
538 3960 703 4006 unus
745 3944 814 4008 in
858 3946 1140 4013 essentia
1162 3995 1181 4030 ‚
1893 3961 1959 4017 et
2003 3953 2263 4029 humani
2309 3952 2603 4034 foederis,
2982 3952 3058 4014 10
3159 3962 3160 3967 ’

448 4043 767 4110 indivisus
813 4054 885 4111 tu
926 4047 995 4111 in
1040 4045 1225 4113 donis
1808 4072 2030 4137 quaeso
2047 4103 2064 4137 ,
2110 4055 2263 4118 mihi
2307 4056 2397 4118 sis
2443 4055 2734 4118 salvator

538 4155 774 4212 cuncta
819 4166 1053 4214 creans
1101 4152 1308 4235 entia,
1893 4165 1962 4220 ut
2006 4157 2233 4221 electis
2279 4157 2531 4221 ceteris,

440 4250 582 4332 jam
625 4252 928 4318 virtutum
980 4254 1149 4321 diter
1193 4258 1379 4320 bonis
1658 4263 1696 4322 5

1805 4320 1959 4387 Ave
1983 4324 2196 4405 'virgo
2239 4324 2618 4406 singulariS,

1891 4425 2052 4489 felix
2096 4434 2167 4490 tu
2209 4443 2534 4509 puerpera
2553 4473 2570 4507 ‚
3159 4480 3160 4517 ζ

442 4513 598 4582 Ave
647 4515 934 4601 Christe,
977 4530 1321 4605 reparator
1802 4526 2122 4592 universis
2168 4526 2516 4591 dominaris
2534 4575 2551 4609 ,
2976 4530 3052 4591 1⁵

532 4621 923 4704 protoplasti
968 4629 1262 4708 generis»,
1889 4647 1928 4694 o
1978 4631 2236 4713 regina,
2283 4632 2570 4713 impera,

533 4370 618 4416 ex
665 4359 773 4417 tua
818 4359 1185 4437 praesentia.
