3175 5234
2654 295 2775 360 181

155 481 264 548 sit
315 480 541 546 deitati
585 479 797 563 gloria
1523 497 1648 563 pro
1694 479 1964 562 virginis
2002 481 2294 562 victoria,

153 607 284 672 per
331 584 580 650 infinita
624 584 867 649 saecula
1526 603 1654 667 qua
1700 582 1946 666 gaudet
1991 584 2138 648 coeli
2185 585 2382 649 curia.
2693 587 2775 650 20

341 769 438 825 Hs.
474 784 591 824 von
625 767 685 823 S.
722 766 894 822 Peter
930 765 1035 823 No.
1071 767 1140 822 16
1174 784 1244 822 zu
1280 766 1624 836 Karlsruhe,
1661 769 1728 819 15
1763 766 1962 822 Jahrh.
1999 767 2103 821 mit
2139 765 2240 819 der
2275 765 2531 822 Melodie.

340 855 445 911 Die
480 855 549 908 V.
592 854 824 907 13-16
873 853 1058 924 gehen
1106 852 1213 909 auf
1241 853 1447 921 Maria,
1514 854 1617 908 das
1652 853 1790 907 Lied
1828 853 1927 908 hat
1965 852 2090 909 also
2129 853 2221 907 ein
2258 852 2626 910 Theotocium
2660 853 2774 908 und

155 946 289 1000 eine
326 939 658 1012 Doxologie
693 939 807 993 wie
842 938 932 994 die
969 940 1359 1012 griechischen
1398 940 1728 1010 Troparien.

915 1243 1084 1315 777.
1167 1243 1283 1313 De
1338 1268 1394 1314 s.
1445 1244 1752 1339 Agnete.
1824 1243 2071 1313 oratio.

157 1464 393 1530 Gaude
442 1481 685 1547 sponsa
731 1460 1002 1544 Christi,
1047 1457 1272 1545 Agna,
1525 1461 1779 1545 Gaude,
1828 1465 2000 1545 quod
2048 1464 2361 1529 flammam
2410 1472 2749 1530 nocentem

157 1589 308 1652 quae
354 1567 576 1634 mundi
617 1567 904 1632 transisti
951 1575 1184 1649 stagna
1522 1566 1763 1644 vicisti,
1811 1573 1875 1631 te
1921 1586 2048 1632 non
2095 1576 2387 1632 urentem

246 1669 423 1734 dulci
471 1688 614 1734 cum
661 1668 1061 1748 constantia3
1611 1667 1959 1731 salvatoris
2005 1670 2253 1750 grati33
2696 1671 2775 1732 15

157 1857 422 1939 Gaude,
472 1856 645 1939 quod
693 1874 835 1921 eum
881 1854 1266 1936 nudaberis,
1527 1849 1753 1915 Gaude
1801 1852 1975 1933 quod
2020 1860 2536 1936 transgutturata

158 1962 340 2028 crine
385 1960 596 2043 magis
639 1960 970 2041 tegebaris
1375 1960 1416 2020 5
1522 1961 1588 2018 et
1634 1972 1866 2018 cruore
1912 1955 2205 2019 laureata

246 2083 445 2147 quam
490 2063 759 2129 amictos
805 2063 1034 2145 gloria.
1607 2057 1918 2120 mercaris
1965 2058 2270 2122 coelestia.

160 2253 429 2335 Gaude,
474 2253 650 2335 quod
692 2253 758 2317 in
802 2252 1104 2336 lupanari
1525 2241 1752 2308 Gaude
1773 2291 1790 2325 ,
1838 2242 2009 2326 quod
2053 2242 2391 2328 perdendo
2434 2253 2706 2311 mortem

158 2366 226 2421 te
271 2372 406 2419 non
450 2355 742 2438 permisit
784 2352 1021 2418 foedari
1521 2348 1826 2412 invenisti
1872 2350 2024 2414 vitae
2070 2357 2310 2413 sortem
2691 2351 2775 2414 20

249 2458 474 2539 angeli
518 2455 844 2537 custodia3
1609 2452 1675 2514 in
1723 2453 1874 2516 coeli
1920 2452 2299 2517 hierarchia.

164 2645 434 2727 Gaude,
479 2665 602 2729 per
646 2653 711 2709 te
757 2646 1104 2710 suscitatur
1340 2646 1418 2708 10
1527 2643 1754 2709 Gaude
1802 2644 2063 2711 Christo
2109 2650 2385 2731 sociata,

164 2758 315 2813 tuus
360 2764 671 2831 sponsus,
717 2747 825 2828 qui
870 2757 1143 2812 necatur
1525 2746 1684 2830 duc,
1732 2757 1953 2813 nostra
1999 2748 2225 2816 delens
2271 2761 2575 2835 peccata,

252 2858 502 2914 satanae
546 2847 849 2933 nequitia,
1613 2868 1732 2915 nos
1779 2851 1861 2915 ad
1909 2853 2056 2916 coeli
2101 2855 2359 2936 gaudia.

335 3033 434 3089 Hs.
470 3050 540 3088 zu
575 3034 635 3090 S.
671 3033 842 3089 Peter
881 3033 937 3088 in
975 3033 1262 3105 Salzburg
1300 3034 1364 3102 11,
1390 3036 1477 3089 40.
1516 3034 1617 3088 des
1649 3037 1714 3088 15
1740 3034 1939 3089 Jahrb.
1978 3037 2107 3103 (A).
2177 3035 2271 3089 Hs.
2309 3052 2422 3091 von
2457 3036 2778 3108 Tegernsee

165 3122 275 3179 No.
315 3121 460 3176 1824
493 3137 562 3174 zu
599 3121 886 3188 Miinchen,
927 3123 994 3174 15
1030 3120 1226 3176 Jahrh.
1266 3121 1393 3191 (Β).

345 3246 381 3300 θ
419 3245 630 3300 amicus
668 3245 733 3301 A.
806 3247 870 3297 11
909 3250 1151 3316 negatur
1183 3246 1251 3297 A.
1326 3247 1393 3299 13
1429 3250 1681 3301 urentem
1717 3244 1832 3299 AB.
1907 3247 1976 3298 14
2012 3248 2305 3300 nocentem
2340 3246 2455 3299 AB.
2521 3246 2679 3301 Nach
2708 3248 2775 3301 18

165 3330 295 3405 fiigt
330 3334 383 3387 A
417 3333 536 3387 ein:
576 3330 730 3386 felici
766 3332 1020 3388 victoria.
1091 3332 1163 3384 20
1199 3328 1406 3386 fortem
1440 3333 1508 3386 A.
1578 3336 1647 3386 21
1687 3331 1905 3387 coelesti
1939 3332 2008 3401 A,
2046 3333 2089 3386 B
2128 3332 2229 3387 hat
2254 3329 2347 3386 fin·
2376 3331 2566 3388 diesen
2593 3334 2770 3389 Vera:

163 3419 322 3475 felici
356 3419 622 3478 victoria.
691 3421 762 3473 23
798 3418 903 3473 duc
937 3416 1085 3474 fehlt
1119 3421 1185 3474 A.
1254 3421 1326 3473 24
1361 3419 1467 3473 duc
1504 3435 1610 3473 nos
1644 3420 1711 3474 A.

344 3559 453 3615 Ein
490 3560 730 3615 anderes
767 3558 905 3614 Lied
952 3557 1059 3614 auf
1096 3560 1250 3615 diese
1286 3559 1508 3632 Heilige
1558 3559 1713 3614 steht
1760 3559 1814 3613 in
1865 3559 2022 3615 einer
2058 3560 2154 3615 Hs.
2193 3577 2263 3615 zu
2300 3557 2773 3618 Pommersfelden

167 3647 266 3703 des
302 3649 375 3702 14
410 3646 605 3703 Jahrb.
640 3646 742 3702 mit
777 3645 982 3700 diesem
1019 3644 1275 3719 Anfang:

449 3750 771 3804 Animemur
805 3750 861 3803 iu
897 3764 1137 3820 agonem
1791 3751 2064 3823 gloriosa>
2102 3751 2356 3825 virginis.

449 3837 770 3894 recolentes
807 3836 1127 3908 passionem

1053 4138 1223 4212 778.
1294 4133 1422 4209 Ad
1474 4162 1530 4210 s.
1582 4134 1872 4209 Aidum.

175 4357 223 4422 0
263 4380 417 4442 rex,
464 4377 504 4423 o
551 4367 770 4425 rector
817 4361 1151 4442 regminiS,
1418 4354 1550 4421 Aid
1576 4354 1943 4423 o²sanctus
1963 4357 2730 4441 meclapricffihenibulas

175 4479 211 4525 o
253 4461 464 4526 cultor
510 4463 656 4526 coeli
703 4463 1033 4545 carminis,
1418 4477 1622 4542 posco
1668 4457 1888 4543 puro⁴
1931 4462 2322 4544 precamina,

174 4581 212 4627 o
252 4572 636 4648 persecutor
679 4565 1017 4630 murmoris
1043 4561 1095 4647 ¹,
1421 4573 1491 4628 ut
1537 4559 1937 4644 refrigerat⁵
1982 4562 2238 4628 flumina

175 4684 212 4732 o
254 4666 415 4731 deus
462 4668 574 4732 alti
619 4669 926 4750 agminis!
1416 4668 1540 4732 mei
1586 4666 1818 4750 capitis
1868 4665 2117 4751 calida,
