3175 5234
2595 284 2723 363 ⁴41
2828 290 2872 313 ’·

288 453 528 532 Interea
553 474 919 531 maximianus
955 472 1340 531 ferocissimus
1376 474 1670 531 christiani
1701 474 1941 531 nominis
1967 480 2301 545 persecutor
2330 479 2389 530 et
2413 475 2518 532 tali
2543 480 2732 532 tanto·

70 578 211 634 que
252 561 491 635 agmine
528 562 945 635 indignissimus
994 562 1197 617 ductor
1242 565 1459 637 statuto
1497 562 1669 634 juxta
1714 561 1962 617 radicem
2012 562 2237 632 Alpium
2284 563 2409 620 zeli
2457 560 2617 618 idolo
2669 562 2730 617 in

74 649 284 718 loco,
327 664 496 719 quem
532 649 722 705 dicunt
758 649 1129 718 octodorum,
1166 639 1469 720 praecepit‚
1514 653 1579 703 ut
1616 648 1794 704 omnis
1831 648 2110 704 exercitus
2145 649 2356 706 viritim
2391 648 2603 708 festiva
2640 664 2732 705 ce-

76 735 393 792 lebritate
433 742 800 793 concurreret
836 743 895 793 et
931 753 968 793 a
998 736 1418 808 supplicatione
1454 735 1560 790 diis
1575 775 1591 805 ,
1627 741 1691 791 ut
1726 733 2028 805 fatebatur,
2064 736 2476 793 immortalibus
2512 735 2733 808 agenda

80 824 508 895 communique
554 823 759 880 loetitia
806 840 868 880 se
906 839 1072 880 nemo
1116 823 1278 879 velut
1321 821 1558 877 alterius
1606 826 1858 878 sectator
1895 822 2192 894 religionis
2229 824 2532 896 exciperet.
2603 822 2732 878 Jam

84 926 255 967 vero
311 909 653 967 Gereonium
701 914 1078 982 praecesserat
1124 924 1324 981 agmen
1370 913 1429 964 et
1474 905 1772 965 foedissimi
1795 911 1815 947 ¹
1863 909 2159 965 comitatus
2209 911 2538 966 societatem
2584 924 2733 981 prae-

90 998 304 1054 sentia
343 995 639 1068 corporali
677 997 1003 1068 reliquerat.
1075 995 1220 1051 uude
1257 991 1466 1050 factum
1502 1001 1609 1064 est,
1644 1001 1711 1051 ut
1748 997 1997 1051 nuntium
2026 996 2409 1053 scelestissimi
2442 994 2735 1068 sacrilegii

91 1100 228 1139 non
268 1083 500 1139 audiret
534 1098 770 1154 seseque
806 1100 928 1140 cum
965 1081 1330 1203 sanctissimis
1365 1083 1486 1143 suis
1524 1083 1863 1177 corporibus
1909 1089 2123 1140 nostra
2158 1089 2471 1189 perpetum·
2475 1084 2737 1157 jocundi·

97 1169 222 1225 tati
263 1177 548 1226 servaret,

302 1276 550 1331 Ventum
589 1279 678 1332 est
713 1274 783 1331 ad
821 1274 1006 1331 locum
1044 1274 1335 1331 constituti
1369 1270 1574 1346 flagitii
1610 1277 1715 1329 etc.

300 1430 380 1485 Es
410 1428 545 1501 folqt
580 1444 692 1487 nun
728 1433 824 1487 der
860 1432 969 1487 Tod
999 1432 1091 1486 des
1124 1433 1172 1486 Ιι.
1200 1432 1475 1488 Mater-im
1507 1435 1601 1486 nsit
1629 1435 1804 1487 seiner
1838 1430 2039 1486 &haar
2073 1447 2143 1487 zu
2175 1432 2476 1502 Αῃαιιηιιηι,
2522 1430 2746 1502 worout!

110 1518 203 1572 die
240 1516 521 1588 Erzdhmq
554 1521 666 1573 also
696 1516 981 1589 sortsdltrt:
1000 1568 1014 1582 ,

302 1620 437 1675 lude
473 1622 906 1692 praecedentium
941 1622 1120 1676 secuti
1156 1621 1402 1693 vestigia
1437 1619 1772 1693 repererunt
1805 1622 2108 1693 primarios
2143 1623 2349 1679 milites
2384 1624 2640 1681 Cassium
2674 1629 2735 1681 et

115 1708 480 1764 Florentium
529 1723 651 1763 cum
698 1713 912 1781 septem
964 1708 1095 1763 aliis
1144 1707 1341 1763 similis
1378 1709 1711 1765 constantim
1757 1708 1899 1767 visis
1927 1709 2097 1782 juxta
2131 1710 2414 1767 Veronam
2449 1711 2736 1776 civitatem

118 1796 182 1851 in
241 1795 371 1866 ripa
422 1794 563 1850 Reni
608 1792 847 1855 fluminis
902 1795 1257 1850 considentes
1274 1836 1289 1866 ‚
1350 1794 1606 1866 aliosque
1661 1809 1784 1849 cum
1831 1794 1916 1849 eis
1964 1810 2128 1864 quam
2175 1796 2447 1867 plurimos
2484 1797 2737 1870 ejusdem

122 1882 450 1954 agnominis
502 1884 602 1939 sed
652 1900 764 1939 non
814 1883 1065 1956 ejusdem
1127 1881 1454 1937 intentionis
1510 1881 1803 1936 satellites.
1892 1881 2010 1937 Hos
2066 1882 2194 1937 dum
2245 1884 2615 1955 agnovissent
2666 1884 2736 1940 de

123 1968 398 2025 orientali
446 1966 620 2026 fuisse
668 1968 968 2042 praesidio,
1028 1967 1330 2024 soevientes
1376 1972 1578 2023 contra
1620 1973 1721 2023 eos
1767 1968 1835 2023 de
1885 1965 2244 2039 professione
2281 1969 2556 2026 sciscitati
2589 1974 2735 2027 sunt.

126 2072 363 2126 cumque
397 2056 487 2111 illi
523 2073 627 2112 nec
662 2056 956 2112 voluntate
994 2055 1182 2110 cordis
1231 2069 1336 2110 nec
1390 2055 1666 2110 sententia
1704 2055 2091 2125 responsionis
2127 2071 2178 2125 a,
2200 2056 2587 2127 superioribus
2626 2056 2738 2112 dis·

128 2148 450 2215 creparent,
488 2143 777 2200 submissis
814 2143 1092 2214 capitibus
1128 2142 1186 2196 in
1223 2140 1423 2197 eodem
1457 2140 1591 2196 loco
1627 2157 1736 2212 pro
1775 2140 1986 2196 Christi
2022 2141 2243 2196 nomine
2279 2143 2557 2213 perempti
2590 2148 2737 2199 sunt.

310 2230 442 2287 Mox
488 2230 666 2303 igitur
713 2230 786 2283 ad
837 2229 1062 2284 beatum
1109 2228 1416 2285 Gereonem
1461 2229 1698 2301 ejusque
1734 2228 1924 2283 socios
1960 2232 2246 2284 trecentos
2283 2229 2471 2286 decem
2510 2236 2567 2286 et
2604 2235 2738 2288 octo

132 2333 259 2373 cum
305 2316 407 2373 illo
455 2315 671 2388 pariter
717 2313 827 2372 fide
874 2317 1135 2371 veritatis
1180 2315 1432 2371 ‘armatos
1475 2321 1808 2386 persecutor
1855 2314 2048 2369 nescio
2095 2314 2350 2372 velocius
2387 2320 2550 2387 quam
2586 2316 2740 2373 fama

136 2404 475 2475 pervenerit,
547 2402 853 2475 Progressi
900 2407 1088 2457 tamen
1136 2400 1423 2473 paululum
1470 2406 1601 2455 ante
1653 2400 2055 2471 subsequentes
2093 2397 2410 2456 carnifices·
2433 2400 2492 2457 in
2526 2403 2739 2475 campis

134 2489 465 2563 Agrippina
500 2504 720 2561 magum
757 2489 1004 2546 civitatis
1042 2488 1148 2556 (ad
1164 2489 1215 2562 ²)
1251 2488 1512 2558 martyrii
1547 2487 1795 2559 gloriam
1830 2503 1955 2542 sese
1993 2485 2230 2542 invicem
2260 2489 2664 2559 (cohortantes
2679 2490 2737 2561 ⁸)

56 2608 63 2615 ·
137 2578 457 2650 praestolati
505 2582 650 2633 sunt.
734 2578 933 2648 quibus
972 2577 1238 2633 continuo
1276 2574 1764 2649 supervenientes,
1827 2575 1906 2630 hii
1942 2574 2037 2647 qui
2073 2576 2227 2631 missi
2265 2584 2429 2633 erant
2463 2595 2501 2635 a
2527 2577 2740 2652 judice,

140 2665 349 2721 nullam
386 2666 442 2721 in
478 2666 561 2721 eis
597 2663 931 2720 defendendi
978 2665 1075 2719 vel
1122 2680 1158 2719 a
1206 2665 1507 2737 proposito
1554 2661 1847 2719 deficiendi
1882 2664 2229 2720 voluntatem
2268 2665 2367 2721 sed
2404 2664 2742 2721 constantis·

143 2753 334 2809 simam
386 2754 624 2813 nominis
679 2749 891 2809 Christi
940 2752 1274 2808 invenerunt
1325 2748 1752 2808 consessionem.
1858 2750 1942 2806 Ibi
1997 2752 2198 2807 beatus
2249 2752 2471 2809 Gereon
2524 2752 2635 2807 dux
2671 2754 2743 2807 et

144 2845 367 2912 martyr
397 2840 666 2915 egregius
701 2855 823 2895 cum
860 2839 976 2894 illis
1011 2839 1168 2910 regis
1206 2838 1407 2894 aeterni
1441 2837 1761 2907 vernaculis
1783 2878 1798 2906 ,
1860 2836 2119 2894 edomitis
2159 2838 2444 2911 omnibus,
2507 2854 2632 2910 qum
2667 2837 2743 2893 ad

146 2926 315 3001 hujus
370 2927 503 2983 vitae
564 2926 995 2983 delectationem
1056 2926 1291 2997 possent
1353 2924 1586 2980 allicere
1608 2964 1622 2993 ,
1686 2925 2044 2995 semetipsum
2107 2925 2314 2981 obtulit
2373 2931 2741 2998 spontaneam
2845 2957 2850 2961 ·

150 3016 390 3071 hostiam
426 3015 614 3069 vivam
651 3013 773 3068 deo.
843 3010 1032 3067 Insani
1069 3017 1317 3068 tortores
1354 3015 1674 3066 sanctorum
1723 3009 1926 3065 ibidem
1962 3025 2209 3081 corpora
2246 3018 2600 3068 cruentantes
2638 3029 2743 3084 per

149 3102 325 3176 campi
370 3098 523 3158 illius
572 3100 859 3173 planitiem
896 3105 1215 3167 traxerunt,
1279 3104 1336 3154 et
1372 3097 1427 3153 in
1462 3104 1690 3169 puteum
1726 3096 1999 3168 quendam
2034 3097 2326 3153 maximum
2359 3098 2741 3171 projecerunt.

150 3195 491 3251 monstratur
528 3196 710 3246 autem
748 3204 923 3259 usque
958 3187 1125 3242 hodie
1162 3188 1219 3241 in
1255 3185 1417 3256 loco,
1471 3186 1567 3240 ubi
1603 3204 1647 3241 s.
1686 3185 1909 3244 Gereon
1946 3185 2257 3241 trucidatus
2294 3192 2412 3256 est,
2450 3187 2741 3259 sanguinis

154 3281 327 3354 ipsius
360 3276 738 3351 spectaculum
785 3281 845 3331 et
887 3274 1009 3346 ipse
1055 3274 1214 3329 locus
1262 3276 1335 3328 ad
1364 3278 1624 3346 martyres
1670 3274 1743 3335 ab
1779 3273 1981 3329 incolis
2018 3279 2307 3345 acceptum
2344 3278 2538 3331 servat
2573 3289 2743 3337 voca?

152 3369 351 3428 bulum.

322 3454 455 3511 naso
490 3454 679 3524 itaque
717 3450 845 3506 dum
880 3454 1205 3521 agerentur,
1242 3449 1459 3504 cohors
1479 3446 1598 3519 illa,
1636 3436 1760 3520 quse
1787 3449 2012 3503 beatum
2038 3445 2326 3503 Victorem
2352 3444 2745 3517 comitabatur,

158 3545 231 3601 ad
263 3544 472 3612 locum,
520 3540 609 3596 cui
646 3537 924 3596 destinata
954 3541 1080 3605 est,
1129 3552 1444 3607 properans
1480 3535 1740 3607 pervenit
1774 3535 1845 3598 ad
1883 3535 2146 3606 oppidum
2180 3534 2558 3602 Francorum,
2594 3532 2746 3605 quod

56 3656 63 3663 ·
157 3648 226 3689 ex
255 3631 529 3726 majorum
564 3641 793 3681 suorum
828 3623 1052 3679 sedibus
1089 3623 1320 3699 Trojam
1357 3622 1478 3677 sive
1506 3623 1743 3678 Zantum
1777 3621 2188 3695 nuncupabant,
2222 3621 2411 3692 ibique
2448 3636 2570 3676 cum
2605 3620 2745 3678 duce

158 3735 260 3775 suo
293 3720 477 3773 castra
512 3715 569 3769 in
604 3713 785 3785 pratis
809 3710 1130 3779 virentibus
1165 3709 1371 3781 posuit.
1442 3724 1545 3764 nec
1580 3710 1759 3764 minus
1788 3708 2029 3763 audaces
2057 3707 2145 3763 illi
2181 3708 2502 3790 cruentique
2539 3706 2746 3764 milites

160 3803 453 3871 affuerunt,
509 3796 909 3873 peremptoque
944 3795 1063 3854 illic
1100 3796 1413 3854 fortissimo
1453 3797 1665 3854 Christi
1709 3788 1887 3854 mihte
1914 3796 2147 3854 Victore
2185 3813 2309 3853 cum
2347 3797 2612 3853 trecentis
2647 3797 2747 3854 tri-

162 3893 314 3966 ginta
346 3887 687 3972 martyribus
724 3891 919 3941 sancta
958 3900 1150 3940 eorum
1187 3900 1434 3956 corpora
1469 3885 1526 3945 in
1561 3885 1706 3942 locis
1741 3885 2090 3957 palustribus
2124 3885 2558 3941 submerserunt.

326 3976 565 4033 Tandem
613 3973 826 4047 optatis
872 3972 1204 4044 locupletati
1251 3972 1452 4043 spoliis
1500 3988 1623 4028 cum
1673 3974 1932 4029 exercitu
1959 3973 2210 4043 reliquo,
2274 3973 2406 4042 quia
2442 3971 2745 4027 carausius

163 4066 258 4122 ille
307 4062 526 4137 fugiens
580 4078 707 4119 sese
760 4062 819 4116 in
872 4060 1245 4115 Brittanniam
1282 4060 1607 4130 transtulit,
1660 4076 1764 4143 per
1799 4060 1947 4115 viam
1985 4074 2093 4131 qua
2128 4063 2432 4126 venerant,
2484 4056 2604 4112 laeti
2638 4074 2745 4128 pro

165 4155 368 4210 scelere
403 4152 703 4208 redierunt.
773 4149 986 4206 Eodem
1039 4163 1180 4203 vero
1219 4152 1469 4219 tempore
1505 4148 1575 4203 de
1611 4138 1977 4216 Mauritania,
2042 4134 2168 4218 quae
2203 4150 2293 4201 est
2326 4160 2463 4216 pars
2498 4141 2746 4215 Affricse,

166 4238 503 4309 finitimisque
551 4236 879 4309 regionibus
925 4234 1132 4291 milites
1182 4234 1255 4290 ab
1303 4234 1643 4304 imperatore
1694 4238 1928 4307 propter
1978 4230 2301 4303 frequentes
2338 4230 2627 4288 Gallorum
2661 4235 2747 4286 tu-

168 4326 359 4384 multus
392 4325 620 4381 evocati
656 4325 712 4379 in
747 4324 985 4381 Galliam
1020 4321 1253 4393 navigio
1287 4326 1593 4391 venerunt,
1657 4338 1892 4392 quorum
1929 4320 2166 4376 trecenti
2202 4319 2603 4391 quinquaginta
2640 4334 2747 4390 pro

170 4413 271 4471 lide
314 4412 590 4469 catholica
637 4412 902 4467 trucidati
950 4422 1073 4466 cum
1123 4409 1294 4466 beato
1329 4407 1583 4483 Gereone
1633 4410 1864 4482 ejusque
1903 4407 2074 4464 sociis
2111 4407 2406 4463 beatorum
2443 4422 2745 4485 corporum

172 4500 394 4573 quietem
429 4504 487 4557 et
521 4499 939 4567 venerationem
974 4501 1301 4569 perpetuam
1337 4494 1685 4567 delegerunt.
2017 4482 2027 4494 ⁶

240 4607 248 4613 ·
332 4587 470 4643 Post
505 4587 628 4641 haec
662 4584 1027 4641 Maximianus
1063 4588 1335 4656 augustus
1370 4577 1889 4647 reversus'ltaliam
1933 4581 2204 4637 suadente
2242 4576 2622 4652 Diocletiano,
2685 4586 2749 4639 ut

179 4686 290 4731 cum
321 4674 442 4746 ipso
478 4691 540 4732 se
589 4669 929 4732 transferret
963 4670 1022 4727 in
1059 4671 1261 4743 otium,
1322 4670 1459 4727 licet
1508 4670 1716 4727 invitus
1768 4684 2074 4750 purpuram
2138 4669 2304 4745 simul
2352 4670 2748 4743 imperiumque
