3175 5234
363 215 506 284 w
555 181 560 187 .

370 404 597 472 Coetus
638 411 864 470 noster
907 401 1060 470 hino
1101 401 1450 488 applaude,

369 508 548 574 huno
591 509 845 573 honora
890 508 1153 591 dignum
1200 508 1417 590 laude,

461 609 571 694 qui
613 608 776 675 vivit
816 610 883 674 in
929 609 1165 693 gloria.
1545 609 1627 672 15

371 798 602 865 Sciant
645 817 868 863 omnes
914 805 980 862 et
1026 798 1236 876 sciant
1281 798 1538 883 singuli,

369 920 502 968 non
549 903 847 985 quaesivit
893 902 1172 985 gloriam
1217 901 1443 967 saeouli

456 1025 583 1071 neo
626 1006 832 1089 patris
873 1005 1178 1088 imperia;

371 1129 584 1193 regna
625 1108 854 1190 linquit
900 1113 967 1171 et
1009 1108 1178 1190 fugit
1219 1107 1497 1190 patriam

375 1221 444 1277 et
486 1212 727 1277 subivit
773 1211 1094 1276 transiens
1140 1209 1427 1276 Samiam
1542 1214 1628 1276 20

457 1315 717 1380 Pontivi
761 1314 1057 1380 confinia.

369 1495 555 1570 Tuno
599 1506 721 1568 sub
766 1503 931 1569 duoe
975 1505 1329 1586 requievit,

368 1607 483 1674 ubi
528 1607 788 1673 Christo
834 1608 1169 1692 adquievit

460 1717 526 1774 et
573 1709 717 1793 ejus
763 1710 1062 1792 servitio,

369 1814 480 1880 hio
523 1833 596 1879 se
641 1814 784 1878 viro
829 1813 1332 1896 demonstravit,
1541 1813 1626 1875 25

371 1917 632 2006 quando
676 1937 912 2000 panem
955 1918 1355 2010 impetravit,

457 2022 618 2088 deus
663 2022 844 2087 vultu
888 2023 1179 2107 proprio.

367 2212 567 2280 Panis
613 2213 803 2278 datus
848 2231 977 2277 non
1021 2213 1316 2294 ingratus

367 2315 518 2399 fuit,
559 2318 751 2381 immo
797 2321 1143 2404 reparatus

458 2417 681 2482 divino
730 2416 999 2480 oonsilio
1018 2462 1036 2495 ‚
1239 2421 1246 2432 ‘
1541 2416 1626 2479 30

370 2521 501 2585 deo
546 2537 781 2603 panem
826 2516 935 2582 hio
977 2516 1228 2598 divisit,

371 2623 535 2688 dens
580 2629 786 2686 naves
831 2619 982 2683 hino
1025 2619 1274 2683 remisit

457 2723 690 2807 plenas
735 2719 1070 2787 beneficio.

369 2930 631 3004 Victum
677 2930 923 2995 eunetis
969 2930 1072 2993 vir
1117 2937 1381 3012 erogat,

372 3034 552 3117 oapit
596 3035 896 3116 quisque,
945 3042 1249 3117 quantum
1278 3040 1491 3116 rogat,
1538 3034 1624 3097 35

459 3138 901 3222 respondente
948 3138 1138 3221 copia
1156 3186 1173 3219 ‚

369 3248 566 3308 ruunt
608 3259 833 3306 omnes
879 3259 1025 3306 oum
1070 3238 1345 3322 gaudie,

370 3346 493 3412 sed
537 3346 640 3409 vir
685 3345 792 3410 dei
835 3363 976 3428 prae
1022 3344 1220 3408 taedio

461 3450 676 3513 fessus
718 3448 951 3531 linquit
992 3448 1228 3512 omnia.

370 3659 535 3730 Inde
581 3660 810 3724 transit
852 3658 939 3723 ad
983 3659 1278 3742 deserta,
1542 3658 1628 3721 40

374 3761 567 3830 deum
613 3779 896 3843 sequens
941 3760 1072 3825 fide
1116 3768 1301 3825 oerta

461 3866 630 3949 fugit
671 3865 1076 3946 transitoria,

369 3972 579 4039 lustra
623 3976 842 4034 terens
887 3967 993 4033 bio
1036 3969 1320 4032 ferarum

369 4092 502 4141 non
547 4073 873 4139 horrescit
915 4071 1045 4136 vim
1091 4079 1347 4154 earum,

457 4177 647 4243 sedat
690 4195 966 4261 quaeque
1010 4176 1224 4241 noxia.
1539 4177 1626 4239 45

369 4386 573 4458 Manu
615 4404 735 4452 sua
778 4343 975 4452 comit
993 4349 1000 4354 ι
1018 4404 1206 4467 aves,

355 4489 494 4574 ‚feri
529 4490 668 4573 lupi
707 4488 869 4555 fiunt
911 4508 1156 4555 suaves

457 4591 528 4658 in
573 4591 718 4679 ejus
761 4592 1141 4679 praesentia3

1732 422 1898 488 opus
1941 403 2063 469 fuit
2103 405 2397 469 mirabile
2412 452 2429 485 ‚

1734 508 1840 572 ala
1883 507 2125 572 fallitur
2172 507 2407 590 aquilae

2923 508 3021 571 50

1820 627 2021 692 prece
2065 610 2188 672 viri
2234 610 2473 674 saucia.
2918 647 2927 653 ·

1734 838 1789 903 Ο
1835 858 2026 923 quam
2067 860 2232 924 pura
2278 807 2579 922 genitura

1700 941 1854 1012 ,fuit
1894 942 2046 1021 iste,
2091 941 2254 1006 Jesu
2299 940 2586 1022 Christe,

1819 1045 1976 1108 vitae
2022 1044 2230 1108 vitans
2277 1043 2501 1124 devia3

1731 1148 1798 1211 in
1843 1146 1969 1211 hao
2012 1149 2150 1211 vita
2191 1149 2354 1216 vixit
2397 1149 2520 1230 ita,
2928 1153 3011 1213 55

1732 1265 2057 1331 nunquam
2102 1251 2314 1316 lentus
2362 1261 2464 1317 est
2506 1242 2817 1317 inventus

1820 1353 1905 1418 ad
1951 1353 2058 1417 dei
2100 1356 2386 1420 servitia.

1733 1585 1924 1651 Vana
1968 1604 2286 1669 spernens
2332 1593 2399 1650 et
2441 1587 2646 1668 levia,

1733 1691 1907 1754 viam
1952 1698 2180 1753 tenens
2227 1708 2355 1753 non
2402 1690 2630 1773 devia,

1732 1795 1799 1857 in
1844 1794 2019 1858 invia
2058 1811 2218 1875 non,
2266 1795 2329 1858 iu
2375 1794 2485 1857 via
2927 1799 3008 1861 60

1821 1897 1976 1962 feeit
2022 1897 2362 1962 domicilia.

1733 2127 2005 2194 Romam
2048 2129 2297 2194 vadens
2341 2148 2473 2195 non
2516 2138 2827 2216 moratur,

1733 2232 2088 2296 revertenti
2134 2239 2573 2314 praesentatur

1735 2332 2035 2416 quaedam
2082 2351 2294 2416 oaeoa,
2340 2354 2488 2417 quae
2531 2343 2802 2401 sanatur

1820 2456 2021 2518 preoe
2064 2437 2192 2501 viri
2230 2438 2502 2523 praevia.
2916 2444 3009 2506 65

1733 2671 1857 2736 Hio
1897 2692 2204 2739 reversus
2252 2676 2337 2740 ad
2384 2677 2593 2741 altare

1735 2783 1915 2840 stans
1960 2785 2027 2840 et
2069 2777 2316 2842 debens
2364 2781 2704 2846 celebrare

1737 2879 2032 2943 dextram
2076 2880 2240 2945 vidit
2283 2900 2675 2948 consecrare

1821 2986 2243 3064 gubernantis
2290 2987 2521 3053 omnia.

1735 3212 2012 3279 Clausus
2058 3216 2316 3281 tandem
2361 3219 2427 3281 in
2470 3221 2744 3304 tumulo,
2915 3228 3001 3290 ⁷0

1733 3327 2010 3400 quantus
2054 3320 2171 3385 fuit
2207 3323 2272 3385 in
2310 3324 2573 3405 saeculo,

1818 3422 1956 3486 vita
1999 3423 2126 3486 viri
2162 3425 2453 3508 conscia3

1732 3541 1924 3606 quam
1970 3542 2111 3588 oum
2159 3526 2328 3590 male
2374 3527 2506 3591 dux
2553 3538 2908 3616 scrutatur,

1733 3625 1883 3691 dnm
1929 3631 2251 3713 superbit,
2299 3631 2447 3696 dum
2493 3633 2785 3715 inflatur,

1735 3733 1965 3796 morbo
2010 3736 2180 3817 turpi
2228 3735 2727 3822 condemnatur,
2912 3744 2998 3805 '15

1739 3833 1837 3897 sio
1879 3853 1921 3898 a
1965 3833 2090 3899 deo
2136 3839 2494 3919 castigatur

1823 3937 2094 4003 furentis
2137 3940 2404 4006 insania.

1737 4176 2149 4245 confessoris
2196 4182 2438 4265 oratio,

1735 4280 1922 4364 cujus
1966 4282 2087 4346 fuit
2130 4282 2277 4348 haeo
2319 4285 2511 4369 ultio,

1731 4403 1855 4450 nos
1901 4395 2268 4453 sanctorum
2313 4391 2643 4456 consortio
2878 4395 2993 4474 ‘80

1724 4486 1994 4571 Jungat‚
2043 4487 2311 4573 „amen“
2359 4491 2507 4557 haeo
2550 4494 2779 4561 concio

1822 4599 2013 4658 sonet
2055 4613 2200 4664 oum
2242 4596 2489 4668 laefitia.
