3175 5234
321 184 454 248 316

325 370 528 456 Cujus
572 375 831 433 sacrata
872 366 1128 450 lipsana
1679 358 1848 426 Hine
1888 359 1953 425 in
1999 376 2336 425 commune
2380 357 2707 427 dominum
2856 363 2967 426 25

324 472 482 536 felix
526 471 708 534 fovet
753 466 1098 531 Germania
1679 482 1907 547 regem
1951 462 2291 528 laudemus
2334 473 2727 548 martyrum,

324 575 392 639 in
435 569 767 636 Duellensi
811 568 1058 631 vertice
1682 565 1792 647 qui
1834 564 2095 630 militem
2140 573 2518 631 coronatum

326 671 669 742 monachili
714 671 1097 736 servemine.
1490 666 1576 730 20
1682 668 2004 733 laureavit
2050 667 2421 752 Georgium.

326 863 514 930 Hunc
560 879 784 928 omnes
832 860 1018 926 simul
1058 857 1310 924 flexiles
1682 854 1785 921 Sit
1826 857 1970 922 laus
2014 858 2187 941 patri
2231 858 2552 941 principio

326 983 632 1049 rogemus
683 973 876 1046 atque
923 956 1249 1046 supplices
1266 1008 1284 1043 ,
1683 960 1956 1044 ejusque
2003 967 2157 1025 nato
2200 961 2392 1026 unioo
2863 962 2963 1026 30

328 1076 401 1132 ut
448 1068 704 1132 devotis
751 1068 1090 1132 clientibus
1684 1080 1828 1125 oum
1873 1060 2104 1143 spiritu
2148 1060 2468 1154 paraolito

331 1171 414 1235 sit
448 1178 761 1254 patronus
807 1169 1147 1252 propitius.
1683 1182 1805 1247 per
1849 1163 2236 1227 saeculorum
2281 1164 2554 1234 saecula..
2598 1182 2813 1228 amen.

516 1386 612 1443 Hs.
650 1403 719 1440 zu
757 1385 1012 1441 Rheinau
1046 1383 1141 1439 bei
1175 1381 1584 1440 Schamansen
1620 1383 1725 1439 No.
1762 1385 1847 1440 83.
1882 1380 1969 1439 Bl.
2007 1382 2092 1438 58.
2128 1398 2232 1438 aus
2267 1382 2390 1438 dem
2431 1385 2498 1436 11
2535 1383 2737 1440 Jahrb.

507 1527 543 1578 9
579 1541 699 1593 een,
737 1525 831 1581 Hs.
929 1528 994 1578 21
1035 1521 1161 1578 flex.
1200 1523 1320 1578 sim.
1358 1524 1454 1580 Hs.
1553 1526 1624 1579 23
1662 1522 1961 1592 clientulis,
1997 1522 2092 1578 Hs.
2190 1526 2261 1577 25
2299 1524 2473 1594 huno,
2508 1524 2605 1579 Hs.
2703 1528 2780 1578 27
2819 1541 2957 1581 eor.

333 1610 447 1666 mil.
481 1610 581 1666 Hs.

512 1747 578 1801 V.
617 1747 668 1800 6.
725 1747 957 1816 athleta,
995 1754 1164 1804 nnten
1200 1747 1467 1820 agonista
1503 1747 1617 1802 und
1653 1753 1815 1802 sonst
1850 1745 2044 1821 hiiuflg
2080 1747 2240 1804 miles
2269 1749 2480 1805 Christi
2518 1746 2611 1806 fiir
2636 1752 2959 1823 Effirtyrer,

339 1835 431 1891 bei
466 1834 573 1889 den
611 1834 887 1891 Griechen
925 1836 1135 1892 ebenso
1173 1834 1408 1906 ὁπλίτης.
1478 1836 1710 1890 Januar.
1746 1836 1831 1890 Bl.
1872 1837 1956 1890 14.
2795 1835 2801 1839 ’

515 1922 581 1976 V.
619 1924 685 1976 13
720 1919 816 1995 fig.
860 1940 927 1979 so
964 1923 1113 1978 wird
1149 1938 1216 1977 er
1252 1924 1396 1978 auch
1432 1923 1488 1976 in
1527 1923 1635 1976 den
1671 1922 1909 1977 Menfien
1946 1924 2213 1992 erhoben‚
2249 1922 2343 1979 τὸν
2378 1923 2477 1981 σὸν
2515 1923 2859 1996 θαυμαστὸν
2894 1924 2961 1978 ἐν

335 2010 486 2084 πάσῃ
521 2008 587 2083 τῇ
621 2010 692 2084 γῇ
728 2007 917 2081 ᾄδεται
954 2009 1142 2086 ὄνομα.
1181 2013 1318 2080 Apr.
1354 2012 1440 2065 23.
1511 2012 1713 2066 Partes
1750 2015 1886 2077 tres,
1924 2011 2015 2066 die
2053 2011 2174 2066 drei
2207 2012 2362 2067 alten
2397 2011 2751 2082 Welttheile,
2792 2010 2961 2066 nicht

333 2099 445 2153 wie
481 2098 541 2153 in
577 2098 791 2153 andern
828 2097 1049 2153 Stellen
1086 2098 1178 2153 die
1214 2096 1575 2169 dreitheilige
1611 2096 1793 2151 Welt.
1850 2097 1958 2153 No.
1995 2099 2117 2166 946,
2153 2101 2202 2151 4.

510 2185 577 2239 V.
617 2188 701 2239 14.
758 2185 1001 2253 climata,
1038 2184 1128 2238 die
1165 2184 1290 2239 vier
1322 2183 1799 2256 weltgegenden.
1856 2183 1919 2240 S.
1952 2183 2060 2240 No.
2099 2185 2224 2255 857,
2262 2188 2344 2240 12.

511 2272 581 2326 V.
622 2258 704 2326 19'.
751 2272 1069 2327 Duellensis
1117 2276 1316 2327 vertex
1366 2272 1444 2327 ist
1486 2269 1877 2340 Hohentwiel,
1941 2287 2037 2327 wo
2083 2273 2333 2328 ehemals
2380 2273 2476 2328 ein
2523 2273 2759 2329 Kloster
2806 2289 2964 2340 war,

340 2360 593 2415 welches
627 2360 702 2414 im
737 2361 882 2416 Jahn·
920 2360 1057 2412 1005
1106 2360 1253 2416 nach
1289 2359 1448 2415 Stein
1496 2375 1588 2416 am
1624 2359 1802 2415 Rhein
1837 2359 2065 2432 verlegt
2099 2360 2330 2430 warde,
2390 2361 2635 2418 wonach
2668 2359 2774 2414 das
2814 2359 2961 2414 Lien

342 2449 489 2504 noch
527 2449 584 2502 in
621 2447 722 2501 das
760 2449 828 2501 10
861 2446 1058 2502 Jahrb.
1096 2447 1318 2518 gehort.
1414 2449 1424 2458 '

1014 2799 1188 2874 943.
1263 2799 1379 2871 De
1433 2823 1488 2871 s.
1544 2794 1886 2898 Georgio.
1950 2797 2268 2899 hymnus.

336 3038 593 3121 Martyr
638 3040 943 3121 egregie,
1693 3044 1760 3103 et
1805 3037 2192 3102 transitoriae
2872 3037 2965 3099 15

427 3139 553 3206 deo
599 3141 864 3225 dilecte,
1778 3140 1991 3206 dulcia
2037 3142 2192 3205 vitae

337 3245 424 3311 ad
472 3255 535 3310 te
581 3246 990 3311 clamantium
1692 3262 1936 3310 memor
1981 3243 2220 3308 Christi
2264 3243 2356 3308 tui

420 3367 622 3416 voees
670 3359 919 3414 tuorum
1779 3355 1992 3411 mente
2037 3346 2295 3428 liquisti.

335 3453 657 3535 propitius
703 3450 856 3516 audi
1546 3451 1586 3511 5
1666 3467 1669 3472 ·
1751 3475 1762 3485 ·

423 3560 647 3618 sancte
695 3552 969 3634 Georgi!
1692 3533 1880 3625 Unde
1925 3552 2048 3619 Pro
2092 3535 2336 3598 meritis

1779 3636 1996 3719 fulges
2042 3636 2107 3700 in
2153 3636 2333 3700 eoelis
2864 3636 2955 3700 20

336 3741 432 3806 Tu
476 3759 598 3824 per
640 3739 980 3806 innumera
1694 3751 1766 3807 ut
1808 3742 1978 3805 inter
2023 3739 2245 3804 sidera

424 3844 645 3910 mortis
693 3852 1013 3909 tormenta
1782 3844 1883 3909 sol
1928 3852 2120 3927 atque
2165 3844 2346 3926 luna,

335 3946 660 4032 triumpho
704 3948 906 4012 nobili
1694 3958 1913 4013 certus
1949 3946 2089 4030 jam
2132 3946 2416 4029 praemii,

423 4052 836 4138 promeruisti
1507 4053 1587 4117 10
1714 4089 1721 4093 -
1780 4064 1903 4132 pro
1951 4065 2079 4129 quo
2122 4045 2410 4113 oertas'ti.

334 4163 688 4239 martyrum
732 4155 975 4220 militiae
1207 4201 1212 4206 -
1535 4225 1542 4230 ,

423 4257 692 4338 signifer
717 4275 909 4344 esse.
1695 4238 1828 4306 0¹⁸³
1869 4258 1993 4323 Pl'0
2039 4240 2296 4304 famulis
2863 4238 2947 4300 ²5

1782 4344 1896 4408 tibi
1942 4342 2198 4407 devotis

334 4445 524 4512 Vana
557 4446 872 4528 judicasti
1695 4453 1764 4513 et
1807 4464 2026 4511 eoram
2062 4445 2289 4530 judice

425 4548 667 4631 gaudia
710 4549 927 4615 mundi
946 4598 963 4631 ,
1783 4548 2037 4612 veniam
2081 4564 2317 4630 posce,
