3175 5234
315 285 398 352 1⁰

307 469 429 524 ihre
457 469 714 537 Klassen,
750 468 1114 539 Eintheilnng
1143 468 1254 547 und
1281 464 1658 540 Reihenfolge
1694 469 2033 524 verstandcn
2069 470 2211 538 sind,
2250 470 2398 525 wird
2421 472 2481 525 in
2506 473 2615 528 den
2644 473 2926 531 Kirchen-

304 552 580 610 schriften
615 556 830 611 ordim’s
860 559 1077 626 superni
1110 560 1374 626 genannt,
1411 572 1457 609 s.
1491 546 1560 609 VL
1599 557 1684 611 42.
1722 555 1828 609 No.
1867 556 1991 624 623,
2029 558 2115 611 46.
2155 557 2261 612 Νο.
2300 559 2422 628 626,
2452 562 2499 613 1.
2569 559 2646 616 Es
2681 560 2757 616 ist
2790 562 2922 618 eine

306 640 592 696 Parallele
641 659 709 695 zu
758 639 938 707 τάξεις
987 641 1126 696 οᾱοι·
1173 639 1425 717 τάγματα
1474 638 1585 694 τῶν
1634 637 1878 713 ἀγγέλων
1924 646 2012 711 (s.
2047 642 2150 698 No.
2188 645 2320 712 306,
2375 648 2422 697 1.
2463 647 2602 717 15),
2667 646 2779 702 und
2824 649 2920 704 als

306 727 650 783 himmlische
676 728 1006 783 Hierarchie
1044 727 1132 785 ein
1160 727 1402 783 Vorbild
1437 725 1539 781 der
1565 725 1863 782 irdischen.
1934 731 2090 783 Denn
2126 729 2235 785 anf
2254 730 2436 785 Erden
2473 733 2550 787 ist
2586 733 2675 788 die
2704 734 2919 790 Kirche

307 815 398 869 die
432 816 738 872 streitende
774 817 1013 886 (Matth.
1054 818 1139 884 10,
1178 817 1434 884 34—39)
1470 813 1584 869 und
1622 813 1797 870 daher
1833 816 1891 871 in
1926 817 2346 890 Abtheilnngen
2383 820 2661 891 geordnet
2697 820 2784 876 als
2821 819 2919 875 die

304 902 660 958 Heerschaar
695 902 892 958 Gottes
929 917 1114 973 gegen
1152 900 1259 954 (len
1294 897 1493 954 Teufel
1530 901 1644 955 und
1681 902 1873 958 seinen
1909 904 2170 976 Anhang.

479 1075 538 1128 ln
583 1074 740 1129 einer
776 1075 870 1129 Hs.
910 1074 1010 1129 des
1047 1075 1331 1130 Seminars
1379 1091 1447 1127 zu
1483 1074 1706 1128 Liittich
1754 1089 1857 1129 aus
1906 1075 2029 1130 dem
2081 1078 2148 1129 14
2194 1076 2391 1131 Jahrh.
2440 1076 2595 1132 steht
2642 1073 2749 1130 anf
2788 1075 2924 1131 dem

307 1160 515 1217 Deckel
565 1176 657 1215 am
688 1161 844 1217 Ende
893 1161 982 1216 ein
1018 1161 1154 1216 Lied
1204 1160 1350 1217 ohne
1386 1158 1779 1216 Ueherschrift
1826 1160 1932 1216 auf
1972 1161 2087 1217 alle
2123 1161 2385 1234 Heiligen
2435 1164 2495 1217 in
2540 1167 2575 1216 7
2612 1161 2920 1232 Strophai,

304 1264 514 1304 wovon
550 1248 641 1303 ich
678 1249 767 1303 dic
804 1247 928 1302 vier
964 1254 1153 1304 ersten
1193 1246 1504 1303 mittheilen
1538 1245 1705 1301 kann.

445 1369 777 1428 orthodoxa
795 1369 1140 1443 jocundetur
1731 1371 1912 1443 Virgo
1948 1387 2184 1442 parens,
2219 1370 2328 1426 ssos
2363 1362 2565 1446 regina
2583 1413 2596 1439 ,

516 1455 738 1512 coelesti
774 1471 1028 1526 pangens
1066 1454 1237 1510 cnriae
1794 1458 2090 1512 recludens
2127 1473 2308 1529 regna
2341 1458 2540 1513 coelica

444 1564 597 1602 mens
635 1548 801 1615 odas,
843 1546 1157 1601 eliminetur
1731 1545 2043 1599 honoretur
2080 1550 2138 1599 et
2174 1550 2265 1599 ter
2299 1544 2450 1599 trina

518 1631 828 1686 summatim
865 1630 1033 1685 scobs
1072 1629 1315 1684 incuriae.
1801 1640 1933 1703 post
1969 1633 2113 1689 hanc
2148 1633 2396 1703 phalanx
2431 1632 2707 1704 angelica.

446 1752 654 1821 Patris,
693 1752 1004 1823 pneumatis
1040 1756 1098 1807 et
1133 1753 1252 1807 nati
1733 1753 1992 1823 Baptista
2027 1768 2152 1806 cnm
2185 1751 2529 1823 patriarchis

526 1854 858 1894 veneremur
898 1837 1254 1909 mysterium,
1803 1839 2092 1910 inspiratis
2130 1845 2188 1894 et
2222 1840 2449 1894 vatibus

454 1932 514 1980 ut
549 1925 625 1980 sit
658 1925 821 1980 almae
860 1925 1100 1981 trinitati
1733 1932 1791 1981 et
1826 1927 2105 1996 apostolis
2141 1926 2453 1981 hierarchis

520 2013 661 2081 lam,
698 2012 884 2067 honor
920 2018 978 2067 et
1016 2012 1317 2083 imperium.
1804 2012 2062 2068 colantur
2095 2013 2488 2068 modulatibus.
2527 2018 2632 2068 etc.

670 2340 843 2433 623.
912 2340 1027 2409 De
1081 2337 1404 2410 omnibus
1452 2341 1731 2411 sanctis.
1801 2342 2162 2438 sequentia
2214 2344 2520 2438 antiqua.

303 2571 619 2656 Supernae
665 2572 887 2635 matris
931 2571 1174 2654 gaudia
1659 2577 1770 2639 vix
1812 2575 1978 2640 hora
2022 2576 2130 2639 vel
2175 2574 2433 2639 dimidia

301 2678 736 2759 repraesentat
778 2675 1091 2758 ecclesia,
1655 2679 1730 2743 fit
1772 2679 1839 2743 in
1886 2679 2054 2744 coelo
2100 2680 2435 2744 silentium.
2822 2682 2913 2745 20

301 2777 449 2841 dum
493 2777 662 2841 festa
709 2778 861 2841 colit
906 2797 1116 2842 annua
1129 2825 1145 2859 ,
2057 2852 2062 2857 ¹

300 2880 587 2964 suspirat
632 2879 718 2944 ad
762 2888 1097 2964 perpetua.
1655 2866 1856 2944 Quam
1899 2870 2058 2933 felix
2102 2871 2212 2934 illa
2258 2872 2516 2954 civitass,

1651 2970 1718 3032 in
1763 2989 1891 3052 qna
1927 2970 2110 3054 jugis
2158 2973 2582 3053 sollemnium,

297 3068 372 3133 In
417 3068 543 3132 hac
585 3068 759 3131 valle
805 3069 1081 3133 miseriae
1506 3075 1545 3133 5
1654 3079 1720 3134 et
1765 3090 1954 3154 quam
1990 3074 2281 3157 jocunda
2329 3076 2540 3157 ouria,

298 3179 505 3234 mater
549 3179 886 3235 succurrat
930 3171 1112 3255 filiae,
1654 3192 1800 3255 qnae
1847 3193 2021 3239 ourae
2065 3194 2333 3260 prorsus
2379 3176 2617 3239 nescia.

297 3273 447 3336 hinc
492 3274 791 3338 coelestes
838 3276 1130 3340 excuhiae

297 3379 630 3444 nobiscum
676 3387 848 3444 stent
892 3382 959 3444 in
1005 3382 1163 3445 acie.
1651 3359 1792 3424 Νθῦ
1836 3361 2111 3442 hugum·
2154 3359 2296 3440 ¹¹50,
2342 3376 2464 3421 ¹¹⁸0
2509 3359 2775 3445 senium,
2814 3363 2903 3424 25

1651 3480 1776 3525 nco
1820 3463 2034 3543 frana,
2075 3479 2204 3525 nec
2248 3469 2464 3525 terror
2508 3461 2818 3545 hostium,

294 3568 609 3651 MunduS‚
660 3587 854 3651 caro,
903 3568 1222 3632 daemonia
1651 3563 1771 3627 sed
1815 3583 1942 3628 una
1987 3583 2118 3628 vox
2166 3564 2515 3630 laetantium

297 3668 557 3733 diversa
602 3679 867 3733 movent
909 3670 1174 3754 puelia,
1464 3673 1542 3735 10
1652 3674 1719 3730 et
1764 3685 1926 3730 unus
1972 3666 2169 3732 ardor
2215 3667 2522 3734 cordium.

293 3773 555 3836 incursu
601 3779 699 3836 tot
742 3772 1257 3855 phantasmatum

293 3876 588 3938 turbatur
634 3873 848 3938 cordis
895 3875 1249 3939 sabbatum.
1645 3859 1787 3923 1¹¹5ss
1837 3858 2014 3923 Cives
2062 3858 2340 3939 angelici

1646 3967 1765 4029 sub
1812 3963 2178 4028 hierarchia
2223 3964 2461 4048 triplici
2808 3969 2896 4031 30

290 4064 446 4128 Dies
492 4065 694 4128 festos
739 4064 1045 4145 cognatio
1643 4071 1831 4135 trinae
1877 4070 2164 4152 gaudent
2210 4079 2277 4134 et
2325 4070 2599 4155 simplici

291 4168 477 4230 simul
521 4168 665 4233 haec
707 4169 906 4232 habet
951 4169 1099 4234 odio
1642 4195 1714 4237 se
1760 4174 2152 4239 monarchiae
2198 4174 2444 4257 subjici.

294 4276 627 4351 certatque
674 4273 817 4355 pari
856 4271 1105 4335 foedere
1460 4277 1540 4337 15

291 4388 520 4455 pacem
568 4371 648 4434 de
695 4380 871 4436 terra
916 4375 1159 4439 tollere.
1645 4363 1963 4426 Mirantur
2009 4380 2132 4425 Πθθ
2177 4361 2481 4427 deficiunt

730 4476 731 4479 ’
1643 4468 1709 4529 in
1753 4466 1959 4547 illum,
2006 4484 2196 4548 quem
2239 4467 2669 4551 prospiciunt,

293 4552 580 4622 Confusa
625 4567 772 4623 sunt
815 4561 922 4625 hic
966 4566 1211 4647 omnia,
1643 4569 1938 4633 fruuntur
1981 4588 2105 4634 neo
2148 4568 2511 4651 fastidiunt,
2805 4575 2888 4636 35

290 4681 476 4746 spes,
522 4672 758 4747 metus,
804 4686 1067 4752 moeror,
1115 4671 1448 4753 gandium3
1644 4687 1769 4751 quo
1815 4671 1941 4734 frui
1983 4672 2190 4752 magis
2236 4672 2468 4736 sitiunt.
