<?xml version="1.0" encoding="UTF-8"?>
<!DOCTYPE html PUBLIC "-//W3C//DTD XHTML 1.0 Transitional//EN"
    "http://www.w3.org/TR/xhtml1/DTD/xhtml1-transitional.dtd">
<html xmlns="http://www.w3.org/1999/xhtml" xml:lang="en" lang="en">
 <head>
  <title>
</title>
<meta http-equiv="Content-Type" content="text/html;charset=utf-8" />
  <meta name='ocr-system' content='tesseract 3.04.00' />
  <meta name='ocr-capabilities' content='ocr_page ocr_carea ocr_par ocr_line ocrx_word'/>
</head>
<body>
  <div class='ocr_page' id='page_1' title='image "./lateinischehymn04monegoog/lateinischehymn04monegoog_0161.png"; bbox 0 0 3175 5234; ppageno 0'>
   <div class='ocr_carea' id='block_1_1' title="bbox 307 446 1450 632">
    <p class='ocr_par' dir='ltr' id='par_1_1' title="bbox 307 446 1450 632">
     <span class='ocr_line' id='line_1_1' title="bbox 307 446 994 513; baseline -0.006 1"><span class='ocrx_word' id='word_1_1' title='bbox 307 447 488 513; x_wconf 84' lang='lat' dir='ltr'>Cum</span> <span class='ocrx_word' id='word_1_2' title='bbox 530 446 994 513; x_wconf 85' lang='lat' dir='ltr'>mundanarum</span> 
     </span>
     <span class='ocr_line' id='line_1_2' title="bbox 308 546 1450 632; baseline -0.006 -15"><span class='ocrx_word' id='word_1_3' title='bbox 308 570 628 617; x_wconf 76' lang='lat' dir='ltr'>curarum</span> <span class='ocrx_word' id='word_1_4' title='bbox 672 548 893 613; x_wconf 81' lang='lat' dir='ltr'>vinela</span> <span class='ocrx_word' id='word_1_5' title='bbox 937 547 1259 632; x_wconf 79' lang='lat' dir='ltr'><strong>deposuit.</strong></span> <span class='ocrx_word' id='word_1_6' title='bbox 1369 546 1450 610; x_wconf 90' lang='lat' dir='ltr'>1o</span> 
     </span>
    </p>
   </div>
   <div class='ocr_carea' id='block_1_2' title="bbox 163 735 1452 1575">
    <p class='ocr_par' dir='ltr' id='par_1_2' title="bbox 163 735 1452 1575">
     <span class='ocr_line' id='line_1_3' title="bbox 163 735 810 803; baseline -0.009 0"><span class='ocrx_word' id='word_1_7' title='bbox 163 740 229 803; x_wconf 78' lang='lat'>8.</span> <span class='ocrx_word' id='word_1_8' title='bbox 300 735 810 803; x_wconf 76' lang='lat' dir='ltr'>misericordias</span> 
     </span>
     <span class='ocr_line' id='line_1_4' title="bbox 307 839 1077 904; baseline -0.001 0"><span class='ocrx_word' id='word_1_9' title='bbox 307 858 497 904; x_wconf 83' lang='lat' dir='ltr'>nune</span> <span class='ocrx_word' id='word_1_10' title='bbox 540 844 610 902; x_wconf 90' lang='lat' dir='ltr'>et</span> <span class='ocrx_word' id='word_1_11' title='bbox 651 839 717 901; x_wconf 92' lang='lat' dir='ltr'>in</span> <span class='ocrx_word' id='word_1_12' title='bbox 765 845 1077 903; x_wconf 84' lang='lat' dir='ltr'>aeternum</span> 
     </span>
     <span class='ocr_line' id='line_1_5' title="bbox 311 942 880 1024; baseline -0.005 -16"><span class='ocrx_word' id='word_1_13' title='bbox 311 949 658 1008; x_wconf 78' lang='lat' dir='ltr'>cantemus</span> <span class='ocrx_word' id='word_1_14' title='bbox 707 942 880 1024; x_wconf 86' lang='lat' dir='ltr'>patri</span> 
     </span>
     <span class='ocr_line' id='line_1_6' title="bbox 311 1044 944 1126; baseline 0.002 -18"><span class='ocrx_word' id='word_1_15' title='bbox 311 1044 944 1126; x_wconf 80' lang='lat' dir='ltr'>misericordiarum,</span> 
     </span>
     <span class='ocr_line' id='line_1_7' title="bbox 315 1182 1452 1265; baseline -0.002 -19"><span class='ocrx_word' id='word_1_16' title='bbox 315 1182 510 1247; x_wconf 84' lang='lat' dir='ltr'><strong>Inter</strong></span> <span class='ocrx_word' id='word_1_17' title='bbox 555 1182 889 1265; x_wconf 88' lang='lat' dir='ltr'>apostolos</span> <span class='ocrx_word' id='word_1_18' title='bbox 1372 1183 1452 1244; x_wconf 87' lang='grc'>15</span> 
     </span>
     <span class='ocr_line' id='line_1_8' title="bbox 319 1287 884 1369; baseline 0 -19"><span class='ocrx_word' id='word_1_19' title='bbox 319 1293 398 1350; x_wconf 87' lang='lat' dir='ltr'>et</span> <span class='ocrx_word' id='word_1_20' title='bbox 441 1287 884 1369; x_wconf 79' lang='lat' dir='ltr'>evangelistas</span> 
     </span>
     <span class='ocr_line' id='line_1_9' title="bbox 323 1389 734 1471; baseline -0.002 -18"><span class='ocrx_word' id='word_1_21' title='bbox 323 1389 446 1471; x_wconf 92' lang='lat' dir='ltr'>qui</span> <span class='ocrx_word' id='word_1_22' title='bbox 489 1389 734 1453; x_wconf 84' lang='lat' dir='ltr'>locavit</span> 
     </span>
     <span class='ocr_line' id='line_1_10' title="bbox 326 1492 1190 1575; baseline 0.001 -18"><span class='ocrx_word' id='word_1_23' title='bbox 326 1510 720 1557; x_wconf 81' lang='lat' dir='ltr'>conversum</span> <span class='ocrx_word' id='word_1_24' title='bbox 763 1492 1190 1575; x_wconf 80' lang='lat' dir='ltr'>publicanum.</span> 
     </span>
    </p>
   </div>
   <div class='ocr_carea' id='block_1_3' title="bbox 180 1677 1455 1866">
    <p class='ocr_par' dir='ltr' id='par_1_3' title="bbox 180 1677 1455 1866">
     <span class='ocr_line' id='line_1_11' title="bbox 180 1677 1063 1763; baseline -0.003 -18"><span class='ocrx_word' id='word_1_25' title='bbox 180 1683 250 1745; x_wconf 71' lang='lat'>⁴».</span> <span class='ocrx_word' id='word_1_26' title='bbox 325 1679 586 1744; x_wconf 83' lang='lat' dir='ltr'>Glarior</span> <span class='ocrx_word' id='word_1_27' title='bbox 628 1679 798 1744; x_wconf 83' lang='lat' dir='ltr'>facie</span> <span class='ocrx_word' id='word_1_28' title='bbox 842 1677 1063 1763; x_wconf 81' lang='lat' dir='ltr'>Moysi</span> 
     </span>
     <span class='ocr_line' id='line_1_12' title="bbox 328 1782 1455 1866; baseline -0.002 -19"><span class='ocrx_word' id='word_1_29' title='bbox 328 1782 739 1866; x_wconf 80' lang='lat' dir='ltr'>resplenduit</span> <span class='ocrx_word' id='word_1_30' title='bbox 773 1782 977 1848; x_wconf 82' lang='lat' dir='ltr'>facies</span> <span class='ocrx_word' id='word_1_31' title='bbox 1009 1782 1325 1866; x_wconf 68' lang='lat' dir='ltr'>Matthaei,</span> <span class='ocrx_word' id='word_1_32' title='bbox 1371 1783 1455 1846; x_wconf 87' lang='lat'>20</span> 
     </span>
    </p>
   </div>
   <div class='ocr_carea' id='block_1_4' title="bbox 334 1922 1457 2108">
    <p class='ocr_par' dir='ltr' id='par_1_4' title="bbox 334 1922 1457 2108">
     <span class='ocr_line' id='line_1_13' title="bbox 334 1922 1198 2006; baseline 0 -17"><span class='ocrx_word' id='word_1_33' title='bbox 334 1922 503 1989; x_wconf 87' lang='lat' dir='ltr'>Nam</span> <span class='ocrx_word' id='word_1_34' title='bbox 545 1923 714 1989; x_wconf 88' lang='lat' dir='ltr'>liber</span> <span class='ocrx_word' id='word_1_35' title='bbox 755 1924 1198 2006; x_wconf 73' lang='lat' dir='ltr'>generationis</span> 
     </span>
     <span class='ocr_line' id='line_1_14' title="bbox 336 2023 1457 2108; baseline -0.003 -16"><span class='ocrx_word' id='word_1_36' title='bbox 336 2025 581 2092; x_wconf 82' lang='lat' dir='ltr'>Christi</span> <span class='ocrx_word' id='word_1_37' title='bbox 608 2027 847 2093; x_wconf 81' lang='lat' dir='ltr'>clarior</span> <span class='ocrx_word' id='word_1_38' title='bbox 877 2035 981 2093; x_wconf 83' lang='lat' dir='ltr'>est</span> <span class='ocrx_word' id='word_1_39' title='bbox 1005 2027 1174 2092; x_wconf 85' lang='lat' dir='ltr'>libro</span> <span class='ocrx_word' id='word_1_40' title='bbox 1209 2023 1457 2108; x_wconf 78' lang='lat' dir='ltr'>genesi.</span> 
     </span>
    </p>
   </div>
   <div class='ocr_carea' id='block_1_5' title="bbox 329 2162 1458 2455">
    <p class='ocr_par' dir='ltr' id='par_1_5' title="bbox 329 2162 1458 2455">
     <span class='ocr_line' id='line_1_15' title="bbox 333 2162 1386 2246; baseline -0.005 -16"><span class='ocrx_word' id='word_1_41' title='bbox 333 2162 422 2231; x_wconf 79' lang='lat' dir='ltr'>Ei</span> <span class='ocrx_word' id='word_1_42' title='bbox 464 2164 594 2228; x_wconf 91' lang='lat' dir='ltr'>duo</span> <span class='ocrx_word' id='word_1_43' title='bbox 638 2163 997 2229; x_wconf 78' lang='lat' dir='ltr'>consistunt</span> <span class='ocrx_word' id='word_1_44' title='bbox 1038 2163 1105 2227; x_wconf 90' lang='lat' dir='ltr'>in</span> <span class='ocrx_word' id='word_1_45' title='bbox 1152 2162 1386 2246; x_wconf 85' lang='lat' dir='ltr'>eapite,</span> 
     </span>
     <span class='ocr_line' id='line_1_16' title="bbox 329 2267 1118 2335; baseline -0.006 -1"><span class='ocrx_word' id='word_1_46' title='bbox 329 2268 577 2335; x_wconf 81' lang='lat' dir='ltr'>veteris</span> <span class='ocrx_word' id='word_1_47' title='bbox 620 2267 732 2332; x_wconf 86' lang='lat' dir='ltr'>ille</span> <span class='ocrx_word' id='word_1_48' title='bbox 774 2267 884 2333; x_wconf 87' lang='lat' dir='ltr'>hie</span> <span class='ocrx_word' id='word_1_49' title='bbox 923 2284 1118 2331; x_wconf 78' lang='lat' dir='ltr'>novae</span> 
     </span>
     <span class='ocr_line' id='line_1_17' title="bbox 335 2368 1458 2455; baseline -0.005 -18"><span class='ocrx_word' id='word_1_50' title='bbox 335 2373 708 2455; x_wconf 74' lang='lat' dir='ltr'>scripturae,</span> <span class='ocrx_word' id='word_1_51' title='bbox 781 2369 901 2435; x_wconf 87' lang='lat' dir='ltr'>sed</span> <span class='ocrx_word' id='word_1_52' title='bbox 955 2370 1066 2434; x_wconf 83' lang='lat' dir='ltr'>ille</span> <span class='ocrx_word' id='word_1_53' title='bbox 1111 2368 1458 2450; x_wconf 83' lang='lat' dir='ltr'>antiquam,</span> 
     </span>
    </p>
   </div>
   <div class='ocr_carea' id='block_1_6' title="bbox 333 2471 1456 2656">
    <p class='ocr_par' dir='ltr' id='par_1_6' title="bbox 333 2471 1456 2656">
     <span class='ocr_line' id='line_1_18' title="bbox 982 2471 1456 2532; baseline -0.004 2"><span class='ocrx_word' id='word_1_54' title='bbox 982 2473 997 2488; x_wconf 85' lang='lat'>’</span> <span class='ocrx_word' id='word_1_55' title='bbox 1416 2471 1456 2532; x_wconf 95' lang='grc'><strong>5</strong></span> 
     </span>
     <span class='ocr_line' id='line_1_19' title="bbox 333 2472 1410 2656; baseline -0.006 -15"><span class='ocrx_word' id='word_1_56' title='bbox 333 2593 574 2641; x_wconf 84' lang='lat' dir='ltr'>novam</span> <span class='ocrx_word' id='word_1_57' title='bbox 618 2573 844 2640; x_wconf 87' lang='lat' dir='ltr'>seribit</span> <span class='ocrx_word' id='word_1_58' title='bbox 888 2472 1410 2656; x_wconf 47' lang='lat' dir='ltr'>glttiiiaalogiam.2</span> 
     </span>
    </p>
   </div>
   <div class='ocr_carea' id='block_1_7' title="bbox 333 2710 1462 3206">
    <p class='ocr_par' dir='ltr' id='par_1_7' title="bbox 333 2710 1404 2795">
     <span class='ocr_line' id='line_1_20' title="bbox 333 2710 1404 2795; baseline -0.003 -16"><span class='ocrx_word' id='word_1_59' title='bbox 333 2712 620 2779; x_wconf 87' lang='lat' dir='ltr'>Proinde</span> <span class='ocrx_word' id='word_1_60' title='bbox 662 2720 904 2795; x_wconf 87' lang='lat' dir='ltr'>quanta</span> <span class='ocrx_word' id='word_1_61' title='bbox 951 2719 1052 2775; x_wconf 89' lang='lat' dir='ltr'>est</span> <span class='ocrx_word' id='word_1_62' title='bbox 1096 2710 1404 2777; x_wconf 79' lang='lat' dir='ltr'>distantia</span> 
     </span>
    </p>

    <p class='ocr_par' dir='ltr' id='par_1_8' title="bbox 335 2816 1015 2900">
     <span class='ocr_line' id='line_1_21' title="bbox 335 2816 1015 2900; baseline -0.006 -18"><span class='ocrx_word' id='word_1_63' title='bbox 335 2818 507 2882; x_wconf 86' lang='lat' dir='ltr'>inter</span> <span class='ocrx_word' id='word_1_64' title='bbox 552 2816 1015 2900; x_wconf 84' lang='lat' dir='ltr'>seripturarum</span> 
     </span>
    </p>

    <p class='ocr_par' dir='ltr' id='par_1_9' title="bbox 333 2919 1352 3003">
     <span class='ocr_line' id='line_1_22' title="bbox 333 2919 1352 3003; baseline -0.004 -19"><span class='ocrx_word' id='word_1_65' title='bbox 333 2919 657 3003; x_wconf 79' lang='lat' dir='ltr'>principia</span> <span class='ocrx_word' id='word_1_66' title='bbox 702 2919 984 3001; x_wconf 83' lang='lat' dir='ltr'>antiquae</span> <span class='ocrx_word' id='word_1_67' title='bbox 1029 2923 1096 2981; x_wconf 93' lang='lat' dir='ltr'>et</span> <span class='ocrx_word' id='word_1_68' title='bbox 1141 2933 1352 2998; x_wconf 82' lang='lat' dir='ltr'>novae,</span> 
     </span>
    </p>

    <p class='ocr_par' dir='ltr' id='par_1_10' title="bbox 339 3019 1462 3206">
     <span class='ocr_line' id='line_1_23' title="bbox 339 3019 1462 3087; baseline -0.004 0"><span class='ocrx_word' id='word_1_69' title='bbox 339 3029 523 3087; x_wconf 87' lang='lat' dir='ltr'>tanta</span> <span class='ocrx_word' id='word_1_70' title='bbox 624 3029 726 3086; x_wconf 87' lang='lat' dir='ltr'>est</span> <span class='ocrx_word' id='word_1_71' title='bbox 826 3022 893 3085; x_wconf 92' lang='lat' dir='ltr'>in</span> <span class='ocrx_word' id='word_1_72' title='bbox 980 3019 1293 3085; x_wconf 81' lang='lat' dir='ltr'>Matthaeo</span> <span class='ocrx_word' id='word_1_73' title='bbox 1394 3025 1462 3083; x_wconf 92' lang='lat' dir='ltr'>et</span> 
     </span>
     <span class='ocr_line' id='line_1_24' title="bbox 936 3122 1461 3206; baseline 0.002 -19"><span class='ocrx_word' id='word_1_74' title='bbox 936 3122 1189 3206; x_wconf 81' lang='lat' dir='ltr'>Moyse.</span> <span class='ocrx_word' id='word_1_75' title='bbox 1373 3123 1461 3188; x_wconf 87' lang='grc'>30</span> 
     </span>
    </p>
   </div>
   <div class='ocr_carea' id='block_1_8' title="bbox 205 3313 1180 3605">
    <p class='ocr_par' dir='ltr' id='par_1_11' title="bbox 205 3313 1180 3605">
     <span class='ocr_line' id='line_1_25' title="bbox 205 3313 980 3391; baseline -0.005 -11"><span class='ocrx_word' id='word_1_76' title='bbox 205 3318 272 3380; x_wconf 84' lang='grc'>5.</span> <span class='ocrx_word' id='word_1_77' title='bbox 335 3313 495 3380; x_wconf 84' lang='lat' dir='ltr'>Haee</span> <span class='ocrx_word' id='word_1_78' title='bbox 539 3321 641 3378; x_wconf 88' lang='lat' dir='ltr'>est</span> <span class='ocrx_word' id='word_1_79' title='bbox 682 3314 980 3391; x_wconf 86' lang='lat' dir='ltr'>mutatio,</span> 
     </span>
     <span class='ocr_line' id='line_1_26' title="bbox 343 3416 1180 3502; baseline -0.002 -20"><span class='ocrx_word' id='word_1_80' title='bbox 343 3438 536 3501; x_wconf 88' lang='lat' dir='ltr'>quam</span> <span class='ocrx_word' id='word_1_81' title='bbox 580 3425 891 3502; x_wconf 87' lang='lat' dir='ltr'>operatur</span> <span class='ocrx_word' id='word_1_82' title='bbox 935 3416 1180 3481; x_wconf 84' lang='lat' dir='ltr'>excelsi</span> 
     </span>
     <span class='ocr_line' id='line_1_27' title="bbox 337 3518 1003 3605; baseline 0.002 -23"><span class='ocrx_word' id='word_1_83' title='bbox 337 3519 652 3605; x_wconf 82' lang='lat' dir='ltr'>principis</span> <span class='ocrx_word' id='word_1_84' title='bbox 698 3518 1003 3599; x_wconf 83' lang='lat' dir='ltr'>dextera,</span> 
     </span>
    </p>
   </div>
   <div class='ocr_carea' id='block_1_9' title="bbox 339 3656 1465 3948">
    <p class='ocr_par' dir='ltr' id='par_1_12' title="bbox 339 3656 1465 3948">
     <span class='ocr_line' id='line_1_28' title="bbox 344 3656 1105 3741; baseline -0.001 -19"><span class='ocrx_word' id='word_1_85' title='bbox 344 3656 598 3740; x_wconf 83' lang='lat' dir='ltr'>Legem</span> <span class='ocrx_word' id='word_1_86' title='bbox 641 3657 752 3741; x_wconf 89' lang='lat' dir='ltr'>qui</span> <span class='ocrx_word' id='word_1_87' title='bbox 795 3657 1105 3741; x_wconf 85' lang='lat' dir='ltr'>dederat,</span> 
     </span>
     <span class='ocr_line' id='line_1_29' title="bbox 340 3761 1465 3843; baseline -0.001 -19"><span class='ocrx_word' id='word_1_88' title='bbox 340 3779 512 3825; x_wconf 84' lang='lat' dir='ltr'>nuno</span> <span class='ocrx_word' id='word_1_89' title='bbox 559 3761 1050 3843; x_wconf 83' lang='lat' dir='ltr'>evangelizatur</span> <span class='ocrx_word' id='word_1_90' title='bbox 1094 3781 1136 3825; x_wconf 91' lang='lat' dir='ltr'>a</span> <span class='ocrx_word' id='word_1_91' title='bbox 1380 3761 1465 3823; x_wconf 86' lang='grc'>35</span> 
     </span>
     <span class='ocr_line' id='line_1_30' title="bbox 339 3863 1065 3948; baseline 0.003 -22"><span class='ocrx_word' id='word_1_92' title='bbox 339 3863 511 3946; x_wconf 89' lang='lat' dir='ltr'>legis</span> <span class='ocrx_word' id='word_1_93' title='bbox 554 3872 1065 3948; x_wconf 78' lang='lat' dir='ltr'>transgressore.</span> 
     </span>
    </p>
   </div>
   <div class='ocr_carea' id='block_1_10' title="bbox 1691 249 2817 514">
    <p class='ocr_par' dir='ltr' id='par_1_13' title="bbox 1691 249 2817 514">
     <span class='ocr_line' id='line_1_31' title="bbox 2678 249 2817 328; baseline 0 0"><span class='ocrx_word' id='word_1_94' title='bbox 2678 249 2817 328; x_wconf 66' lang='lat'>120</span> 
     </span>
     <span class='ocr_line' id='line_1_32' title="bbox 1691 445 2311 514; baseline 0.006 -4"><span class='ocrx_word' id='word_1_95' title='bbox 1691 445 1868 511; x_wconf 88' lang='lat' dir='ltr'>Talis</span> <span class='ocrx_word' id='word_1_96' title='bbox 1913 453 2017 511; x_wconf 82' lang='lat' dir='ltr'>est</span> <span class='ocrx_word' id='word_1_97' title='bbox 2060 446 2311 514; x_wconf 78' lang='lat' dir='ltr'>fruetus</span> 
     </span>
    </p>
   </div>
   <div class='ocr_carea' id='block_1_11' title="bbox 1687 551 2737 739">
    <p class='ocr_par' dir='ltr' id='par_1_14' title="bbox 1687 551 2737 739">
     <span class='ocr_line' id='line_1_33' title="bbox 1687 551 2089 633; baseline 0.002 -19"><span class='ocrx_word' id='word_1_98' title='bbox 1687 551 2089 633; x_wconf 78' lang='lat' dir='ltr'>poenitentiae</span> 
     </span>
     <span class='ocr_line' id='line_1_34' title="bbox 1688 654 2737 739; baseline 0.004 -23"><span class='ocrx_word' id='word_1_99' title='bbox 1688 659 1758 717; x_wconf 89' lang='lat' dir='ltr'>et</span> <span class='ocrx_word' id='word_1_100' title='bbox 1800 654 2034 736; x_wconf 84' lang='lat' dir='ltr'>gratiae</span> <span class='ocrx_word' id='word_1_101' title='bbox 2080 656 2303 739; x_wconf 83' lang='lat' dir='ltr'>lapsos</span> <span class='ocrx_word' id='word_1_102' title='bbox 2347 654 2737 735; x_wconf 83' lang='lat' dir='ltr'>relevantis,</span> 
     </span>
    </p>
   </div>
   <div class='ocr_carea' id='block_1_12' title="bbox 1688 804 2806 1098">
    <p class='ocr_par' dir='ltr' id='par_1_15' title="bbox 1688 804 2806 1098">
     <span class='ocr_line' id='line_1_35' title="bbox 1691 804 2806 893; baseline 0.001 -20"><span class='ocrx_word' id='word_1_103' title='bbox 1691 804 1797 874; x_wconf 85' lang='lat' dir='ltr'>Ae</span> <span class='ocrx_word' id='word_1_104' title='bbox 1838 810 2223 893; x_wconf 79' lang='lat' dir='ltr'>publicanos</span> <span class='ocrx_word' id='word_1_105' title='bbox 2720 807 2806 874; x_wconf 79' lang='grc'>40</span> 
     </span>
     <span class='ocr_line' id='line_1_36' title="bbox 1688 913 2687 990; baseline 0.004 -15"><span class='ocrx_word' id='word_1_106' title='bbox 1688 918 1957 976; x_wconf 83' lang='lat' dir='ltr'>eunetos</span> <span class='ocrx_word' id='word_1_107' title='bbox 2001 913 2188 976; x_wconf 84' lang='lat' dir='ltr'>unius</span> <span class='ocrx_word' id='word_1_108' title='bbox 2678 983 2687 990; x_wconf 62' lang='grc'>,</span> 
     </span>
     <span class='ocr_line' id='line_1_37' title="bbox 1689 1014 2679 1098; baseline 0.001 -21"><span class='ocrx_word' id='word_1_109' title='bbox 1689 1015 1990 1098; x_wconf 83' lang='lat' dir='ltr'>exemplo</span> <span class='ocrx_word' id='word_1_110' title='bbox 2036 1014 2122 1079; x_wconf 92' lang='lat' dir='ltr'>ad</span> <span class='ocrx_word' id='word_1_111' title='bbox 2165 1033 2241 1079; x_wconf 90' lang='lat' dir='ltr'>se</span> <span class='ocrx_word' id='word_1_112' title='bbox 2284 1015 2679 1081; x_wconf 80' lang='lat' dir='ltr'>revocantis,</span> 
     </span>
    </p>
   </div>
   <div class='ocr_carea' id='block_1_13' title="bbox 1556 1230 2808 1416">
    <p class='ocr_par' dir='ltr' id='par_1_16' title="bbox 1556 1230 2808 1416">
     <span class='ocr_line' id='line_1_38' title="bbox 1556 1230 2644 1297; baseline -0.002 -1"><span class='ocrx_word' id='word_1_113' title='bbox 1556 1234 1618 1297; x_wconf 93' lang='grc'>6.</span> <span class='ocrx_word' id='word_1_114' title='bbox 1677 1230 1799 1296; x_wconf 87' lang='lat' dir='ltr'>Est</span> <span class='ocrx_word' id='word_1_115' title='bbox 1842 1232 2078 1296; x_wconf 88' lang='lat' dir='ltr'>etenim</span> <span class='ocrx_word' id='word_1_116' title='bbox 2122 1250 2310 1296; x_wconf 87' lang='lat' dir='ltr'>omne</span> <span class='ocrx_word' id='word_1_117' title='bbox 2358 1230 2644 1296; x_wconf 89' lang='lat' dir='ltr'>debitum</span> 
     </span>
     <span class='ocr_line' id='line_1_39' title="bbox 1687 1331 2808 1416; baseline -0.003 -19"><span class='ocrx_word' id='word_1_118' title='bbox 1687 1333 1775 1397; x_wconf 87' lang='lat' dir='ltr'>ad</span> <span class='ocrx_word' id='word_1_119' title='bbox 1817 1333 1946 1398; x_wconf 84' lang='lat' dir='ltr'>hoe</span> <span class='ocrx_word' id='word_1_120' title='bbox 1990 1350 2188 1398; x_wconf 86' lang='lat' dir='ltr'>servo</span> <span class='ocrx_word' id='word_1_121' title='bbox 2226 1354 2267 1398; x_wconf 89' lang='lat' dir='ltr'>a</span> <span class='ocrx_word' id='word_1_122' title='bbox 2303 1332 2430 1397; x_wconf 87' lang='lat' dir='ltr'>deo</span> <span class='ocrx_word' id='word_1_123' title='bbox 2459 1331 2808 1416; x_wconf 82' lang='lat' dir='ltr'>dimissum,</span> 
     </span>
    </p>
   </div>
   <div class='ocr_carea' id='block_1_14' title="bbox 1688 1485 2808 1656">
    <p class='ocr_par' dir='ltr' id='par_1_17' title="bbox 1688 1485 2808 1656">
     <span class='ocr_line' id='line_1_40' title="bbox 1688 1485 2808 1571; baseline 0.003 -19"><span class='ocrx_word' id='word_1_124' title='bbox 1688 1485 1778 1552; x_wconf 90' lang='lat' dir='ltr'>Ut</span> <span class='ocrx_word' id='word_1_125' title='bbox 1822 1488 2049 1551; x_wconf 85' lang='lat' dir='ltr'>suimet</span> <span class='ocrx_word' id='word_1_126' title='bbox 2091 1506 2215 1571; x_wconf 87' lang='lat' dir='ltr'>per</span> <span class='ocrx_word' id='word_1_127' title='bbox 2259 1487 2624 1571; x_wconf 85' lang='lat' dir='ltr'>exemplum</span> <span class='ocrx_word' id='word_1_128' title='bbox 2723 1488 2808 1556; x_wconf 82' lang='lat'>45</span> 
     </span>
     <span class='ocr_line' id='line_1_41' title="bbox 1689 1591 2720 1656; baseline -0.001 -1"><span class='ocrx_word' id='word_1_129' title='bbox 1689 1592 1985 1655; x_wconf 88' lang='lat' dir='ltr'>misereri</span> <span class='ocrx_word' id='word_1_130' title='bbox 2029 1591 2191 1656; x_wconf 79' lang='lat' dir='ltr'>sciat</span> <span class='ocrx_word' id='word_1_131' title='bbox 2237 1607 2720 1656; x_wconf 79' lang='lat' dir='ltr'>conservorum.</span> 
     </span>
    </p>
   </div>
   <div class='ocr_carea' id='block_1_15' title="bbox 1689 1745 2813 2135">
    <p class='ocr_par' dir='ltr' id='par_1_18' title="bbox 1689 1745 2406 1830">
     <span class='ocr_line' id='line_1_42' title="bbox 1689 1745 2406 1830; baseline -0.001 -18"><span class='ocrx_word' id='word_1_132' title='bbox 1689 1746 1857 1813; x_wconf 83' lang='lat' dir='ltr'>Hine</span> <span class='ocrx_word' id='word_1_133' title='bbox 1895 1746 2077 1811; x_wconf 85' lang='lat' dir='ltr'>vultu</span> <span class='ocrx_word' id='word_1_134' title='bbox 2121 1745 2406 1830; x_wconf 85' lang='lat' dir='ltr'>propitio</span> 
     </span>
    </p>

    <p class='ocr_par' dir='ltr' id='par_1_19' title="bbox 1689 1848 2580 1934">
     <span class='ocr_line' id='line_1_43' title="bbox 1689 1848 2580 1934; baseline -0.003 -19"><span class='ocrx_word' id='word_1_135' title='bbox 1689 1851 1969 1915; x_wconf 83' lang='lat' dir='ltr'>humana</span> <span class='ocrx_word' id='word_1_136' title='bbox 2012 1850 2181 1915; x_wconf 82' lang='lat' dir='ltr'>faeie</span> <span class='ocrx_word' id='word_1_137' title='bbox 2224 1848 2580 1934; x_wconf 73' lang='lat' dir='ltr'>praefulget</span> 
     </span>
    </p>

    <p class='ocr_par' dir='ltr' id='par_1_20' title="bbox 1689 1950 2813 2135">
     <span class='ocr_line' id='line_1_44' title="bbox 1689 1950 2562 2035; baseline -0.001 -19"><span class='ocrx_word' id='word_1_138' title='bbox 1689 1953 1757 2016; x_wconf 90' lang='lat' dir='ltr'>in</span> <span class='ocrx_word' id='word_1_139' title='bbox 1804 1952 1985 2016; x_wconf 84' lang='lat' dir='ltr'>eoelis</span> <span class='ocrx_word' id='word_1_140' title='bbox 2023 1952 2216 2035; x_wconf 82' lang='lat' dir='ltr'>juxta</span> <span class='ocrx_word' id='word_1_141' title='bbox 2261 1950 2562 2016; x_wconf 87' lang='lat' dir='ltr'>thronum</span> 
     </span>
     <span class='ocr_line' id='line_1_45' title="bbox 1690 2050 2813 2135; baseline -0.004 -18"><span class='ocrx_word' id='word_1_142' title='bbox 1690 2071 1958 2118; x_wconf 79' lang='lat' dir='ltr'>summae</span> <span class='ocrx_word' id='word_1_143' title='bbox 2001 2052 2235 2135; x_wconf 64' lang='lat' dir='ltr'>gratiae</span> <span class='ocrx_word' id='word_1_144' title='bbox 2253 2097 2273 2134; x_wconf 89' lang='lat'>,</span> <span class='ocrx_word' id='word_1_145' title='bbox 2727 2050 2813 2114; x_wconf 94' lang='grc'>50</span> 
     </span>
    </p>
   </div>
   <div class='ocr_carea' id='block_1_16' title="bbox 1690 2204 2759 2583">
    <p class='ocr_par' dir='ltr' id='par_1_21' title="bbox 1693 2204 2480 2292">
     <span class='ocr_line' id='line_1_46' title="bbox 1693 2204 2480 2292; baseline -0.006 -19"><span class='ocrx_word' id='word_1_146' title='bbox 1693 2209 1836 2290; x_wconf 75' lang='lat' dir='ltr'>Qua</span> <span class='ocrx_word' id='word_1_147' title='bbox 1876 2207 1984 2292; x_wconf 75' lang='lat' dir='ltr'>leo</span> <span class='ocrx_word' id='word_1_148' title='bbox 2001 2253 2021 2290; x_wconf 89' lang='lat'>,</span> <span class='ocrx_word' id='word_1_149' title='bbox 2068 2208 2217 2287; x_wconf 90' lang='lat' dir='ltr'>bos,</span> <span class='ocrx_word' id='word_1_150' title='bbox 2265 2204 2480 2287; x_wconf 85' lang='lat' dir='ltr'>aquila</span> 
     </span>
    </p>

    <p class='ocr_par' dir='ltr' id='par_1_22' title="bbox 1690 2309 2759 2583">
     <span class='ocr_line' id='line_1_47' title="bbox 1690 2309 2759 2393; baseline -0.002 -17"><span class='ocrx_word' id='word_1_151' title='bbox 1690 2313 1875 2376; x_wconf 84' lang='lat' dir='ltr'>vultu</span> <span class='ocrx_word' id='word_1_152' title='bbox 1916 2309 2212 2374; x_wconf 85' lang='lat' dir='ltr'>horribili</span> <span class='ocrx_word' id='word_1_153' title='bbox 2255 2315 2759 2393; x_wconf 60' lang='lat' dir='ltr'>praemonstrant</span> 
     </span>
     <span class='ocr_line' id='line_1_48' title="bbox 1694 2414 2406 2481; baseline -0.004 0"><span class='ocrx_word' id='word_1_154' title='bbox 1694 2417 1996 2481; x_wconf 81' lang='lat' dir='ltr'>virtutem</span> <span class='ocrx_word' id='word_1_155' title='bbox 2043 2414 2406 2479; x_wconf 89' lang='lat' dir='ltr'>divinorum</span> 
     </span>
     <span class='ocr_line' id='line_1_49' title="bbox 1690 2516 2086 2583; baseline -0.005 0"><span class='ocrx_word' id='word_1_156' title='bbox 1690 2516 2086 2583; x_wconf 85' lang='lat' dir='ltr'>terribilium.</span> 
     </span>
    </p>
   </div>
   <div class='ocr_carea' id='block_1_17' title="bbox 1562 2730 2819 2905">
    <p class='ocr_par' dir='ltr' id='par_1_23' title="bbox 1562 2730 2819 2905">
     <span class='ocr_line' id='line_1_50' title="bbox 1562 2730 2819 2816; baseline -0.001 -16"><span class='ocrx_word' id='word_1_157' title='bbox 1562 2738 1627 2801; x_wconf 84' lang='grc'>’1.</span> <span class='ocrx_word' id='word_1_158' title='bbox 1685 2730 1794 2800; x_wconf 84' lang='lat' dir='ltr'>Ae</span> <span class='ocrx_word' id='word_1_159' title='bbox 1837 2742 1937 2816; x_wconf 90' lang='lat' dir='ltr'>tu,</span> <span class='ocrx_word' id='word_1_160' title='bbox 1982 2733 2329 2816; x_wconf 81' lang='lat' dir='ltr'>Matthaee,</span> <span class='ocrx_word' id='word_1_161' title='bbox 2733 2735 2819 2799; x_wconf 93' lang='grc'>55</span> 
     </span>
     <span class='ocr_line' id='line_1_51' title="bbox 1697 2837 2601 2905; baseline -0.002 0"><span class='ocrx_word' id='word_1_162' title='bbox 1697 2837 1919 2905; x_wconf 84' lang='lat' dir='ltr'>cordis</span> <span class='ocrx_word' id='word_1_163' title='bbox 1964 2847 2032 2904; x_wconf 89' lang='lat' dir='ltr'>et</span> <span class='ocrx_word' id='word_1_164' title='bbox 2073 2840 2291 2904; x_wconf 87' lang='lat' dir='ltr'>vultus</span> <span class='ocrx_word' id='word_1_165' title='bbox 2337 2838 2601 2903; x_wconf 88' lang='lat' dir='ltr'>humani</span> 
     </span>
    </p>
   </div>
   <div class='ocr_carea' id='block_1_18' title="bbox 1695 2941 2579 3028">
    <p class='ocr_par' dir='ltr' id='par_1_24' title="bbox 1695 2941 2579 3028">
     <span class='ocr_line' id='line_1_52' title="bbox 1695 2941 2579 3028; baseline 0.003 -23"><span class='ocrx_word' id='word_1_166' title='bbox 1695 2944 1961 3028; x_wconf 84' lang='lat' dir='ltr'>plagam</span> <span class='ocrx_word' id='word_1_167' title='bbox 2005 2943 2271 3024; x_wconf 85' lang='lat' dir='ltr'>generis</span> <span class='ocrx_word' id='word_1_168' title='bbox 2314 2941 2579 3008; x_wconf 87' lang='lat' dir='ltr'>humani</span> 
     </span>
    </p>
   </div>
   <div class='ocr_carea' id='block_1_19' title="bbox 1700 3094 2824 3378">
    <p class='ocr_par' dir='ltr' id='par_1_25' title="bbox 1700 3094 2824 3378">
     <span class='ocr_line' id='line_1_53' title="bbox 1700 3094 2382 3179; baseline -0.004 -18"><span class='ocrx_word' id='word_1_169' title='bbox 1700 3094 2005 3160; x_wconf 84' lang='lat' dir='ltr'>Clemens</span> <span class='ocrx_word' id='word_1_170' title='bbox 2048 3101 2382 3179; x_wconf 81' lang='lat' dir='ltr'>respecta,</span> 
     </span>
     <span class='ocr_line' id='line_1_54' title="bbox 1702 3195 2560 3280; baseline 0.001 -20"><span class='ocrx_word' id='word_1_171' title='bbox 1702 3196 1890 3260; x_wconf 85' lang='lat' dir='ltr'>simul</span> <span class='ocrx_word' id='word_1_172' title='bbox 1935 3203 2002 3259; x_wconf 91' lang='lat' dir='ltr'>et</span> <span class='ocrx_word' id='word_1_173' title='bbox 2044 3195 2325 3280; x_wconf 86' lang='lat' dir='ltr'>pleniter</span> <span class='ocrx_word' id='word_1_174' title='bbox 2371 3215 2560 3276; x_wconf 84' lang='lat' dir='ltr'>cura,</span> 
     </span>
     <span class='ocr_line' id='line_1_55' title="bbox 1701 3297 2824 3378; baseline 0 -17"><span class='ocrx_word' id='word_1_175' title='bbox 1701 3299 1866 3362; x_wconf 84' lang='lat' dir='ltr'>sieut</span> <span class='ocrx_word' id='word_1_176' title='bbox 1907 3305 2020 3360; x_wconf 84' lang='lat' dir='ltr'>tua</span> <span class='ocrx_word' id='word_1_177' title='bbox 2064 3303 2167 3360; x_wconf 88' lang='lat' dir='ltr'>est</span> <span class='ocrx_word' id='word_1_178' title='bbox 2209 3303 2464 3378; x_wconf 79' lang='lat' dir='ltr'>curata,</span> <span class='ocrx_word' id='word_1_179' title='bbox 2736 3297 2824 3362; x_wconf 88' lang='grc'>60</span> 
     </span>
    </p>
   </div>
   <div class='ocr_carea' id='block_1_20' title="bbox 1700 3447 2820 3932">
    <p class='ocr_par' dir='ltr' id='par_1_26' title="bbox 1701 3447 2195 3526">
     <span class='ocr_line' id='line_1_56' title="bbox 1701 3447 2195 3526; baseline -0.008 -11"><span class='ocrx_word' id='word_1_180' title='bbox 1701 3448 1842 3526; x_wconf 80' lang='lat' dir='ltr'>Quo</span> <span class='ocrx_word' id='word_1_181' title='bbox 1887 3457 1997 3515; x_wconf 92' lang='lat' dir='ltr'>tuo</span> <span class='ocrx_word' id='word_1_182' title='bbox 2044 3447 2195 3512; x_wconf 88' lang='lat' dir='ltr'>freti</span> 
     </span>
    </p>

    <p class='ocr_par' dir='ltr' id='par_1_27' title="bbox 1702 3549 2479 3637">
     <span class='ocr_line' id='line_1_57' title="bbox 1702 3549 2479 3637; baseline -0.001 -19"><span class='ocrx_word' id='word_1_183' title='bbox 1702 3554 1941 3619; x_wconf 82' lang='lat' dir='ltr'>auxilio</span> <span class='ocrx_word' id='word_1_184' title='bbox 1987 3573 2110 3637; x_wconf 90' lang='lat' dir='ltr'>per</span> <span class='ocrx_word' id='word_1_185' title='bbox 2154 3549 2479 3617; x_wconf 85' lang='lat' dir='ltr'>Christum</span> 
     </span>
    </p>

    <p class='ocr_par' dir='ltr' id='par_1_28' title="bbox 1700 3657 2144 3720">
     <span class='ocr_line' id='line_1_58' title="bbox 1700 3657 2144 3720; baseline -0.005 0"><span class='ocrx_word' id='word_1_186' title='bbox 1700 3657 1796 3720; x_wconf 86' lang='lat' dir='ltr'>sie</span> <span class='ocrx_word' id='word_1_187' title='bbox 1840 3674 2144 3720; x_wconf 86' lang='lat' dir='ltr'>sanemur</span> 
     </span>
    </p>

    <p class='ocr_par' dir='ltr' id='par_1_29' title="bbox 1702 3759 2454 3842">
     <span class='ocr_line' id='line_1_59' title="bbox 1702 3759 2454 3842; baseline 0.001 -19"><span class='ocrx_word' id='word_1_188' title='bbox 1702 3780 1743 3823; x_wconf 87' lang='lat' dir='ltr'>a</span> <span class='ocrx_word' id='word_1_189' title='bbox 1787 3760 2078 3842; x_wconf 82' lang='lat' dir='ltr'>peccatis</span> <span class='ocrx_word' id='word_1_190' title='bbox 2126 3759 2416 3824; x_wconf 88' lang='lat' dir='ltr'>omnibus</span> <span class='ocrx_word' id='word_1_191' title='bbox 2435 3806 2454 3842; x_wconf 90' lang='lat'>‚</span> 
     </span>
    </p>

    <p class='ocr_par' dir='ltr' id='par_1_30' title="bbox 1701 3863 2820 3932">
     <span class='ocr_line' id='line_1_60' title="bbox 1701 3863 2820 3932; baseline -0.001 -4"><span class='ocrx_word' id='word_1_192' title='bbox 1701 3871 1773 3928; x_wconf 91' lang='lat' dir='ltr'>ut</span> <span class='ocrx_word' id='word_1_193' title='bbox 1818 3871 1882 3927; x_wconf 91' lang='lat' dir='ltr'>te</span> <span class='ocrx_word' id='word_1_194' title='bbox 1928 3872 2222 3929; x_wconf 90' lang='lat' dir='ltr'>sanatum</span> <span class='ocrx_word' id='word_1_195' title='bbox 2265 3863 2604 3932; x_wconf 85' lang='lat' dir='ltr'>eredimus.</span> <span class='ocrx_word' id='word_1_196' title='bbox 2737 3865 2820 3928; x_wconf 86' lang='grc'>65</span> 
     </span>
    </p>
   </div>
   <div class='ocr_carea' id='block_1_21' title="bbox 386 4047 1752 4241">
    <p class='ocr_par' dir='ltr' id='par_1_31' title="bbox 386 4047 1752 4241">
     <span class='ocr_line' id='line_1_61' title="bbox 386 4047 1752 4119; baseline -0.001 -16"><span class='ocrx_word' id='word_1_197' title='bbox 386 4047 485 4103; x_wconf 84' lang='lat' dir='ltr'>Hs.</span> <span class='ocrx_word' id='word_1_198' title='bbox 523 4064 595 4102; x_wconf 82' lang='lat' dir='ltr'>zu</span> <span class='ocrx_word' id='word_1_199' title='bbox 632 4048 802 4103; x_wconf 85' lang='lat' dir='ltr'>Gratz</span> <span class='ocrx_word' id='word_1_200' title='bbox 839 4049 978 4119; x_wconf 73' lang='lat' dir='ltr'><strong><em>42s6.</em></strong></span> <span class='ocrx_word' id='word_1_201' title='bbox 1019 4051 1086 4101; x_wconf 80' lang='lat'>12</span> <span class='ocrx_word' id='word_1_202' title='bbox 1121 4047 1317 4103; x_wconf 74' lang='lat' dir='ltr'>Jahrb.</span> <span class='ocrx_word' id='word_1_203' title='bbox 1352 4047 1455 4104; x_wconf 88' lang='lat' dir='ltr'>mit</span> <span class='ocrx_word' id='word_1_204' title='bbox 1488 4047 1752 4102; x_wconf 85' lang='lat' dir='ltr'>Neumen.</span> 
     </span>
     <span class='ocr_line' id='line_1_62' title="bbox 391 4165 1564 4241; baseline 0 -18"><span class='ocrx_word' id='word_1_205' title='bbox 391 4169 428 4223; x_wconf 82' lang='grc'><strong>9</strong></span> <span class='ocrx_word' id='word_1_206' title='bbox 462 4168 803 4241; x_wconf 86' lang='lat' dir='ltr'>mundarum,</span> <span class='ocrx_word' id='word_1_207' title='bbox 838 4170 936 4225; x_wconf 82' lang='lat' dir='ltr'>Hs.</span> <span class='ocrx_word' id='word_1_208' title='bbox 1017 4171 1088 4224; x_wconf 72' lang='lat'>45</span> <span class='ocrx_word' id='word_1_209' title='bbox 1124 4174 1182 4224; x_wconf 91' lang='lat' dir='ltr'>et</span> <span class='ocrx_word' id='word_1_210' title='bbox 1217 4165 1312 4224; x_wconf 69' lang='lat' dir='ltr'>fur</span> <span class='ocrx_word' id='word_1_211' title='bbox 1347 4174 1425 4239; x_wconf 89' lang='lat' dir='ltr'>ut,</span> <span class='ocrx_word' id='word_1_212' title='bbox 1461 4169 1564 4226; x_wconf 72' lang='lat'>11³.</span> 
     </span>
    </p>
   </div>
   <div class='ocr_carea' id='block_1_22' title="bbox 213 4283 2827 4544">
    <p class='ocr_par' dir='ltr' id='par_1_32' title="bbox 213 4283 2827 4544">
     <span class='ocr_line' id='line_1_63' title="bbox 401 4283 2827 4366; baseline 0 -22"><span class='ocrx_word' id='word_1_213' title='bbox 401 4289 470 4344; x_wconf 84' lang='lat' dir='ltr'>V.</span> <span class='ocrx_word' id='word_1_214' title='bbox 509 4293 560 4345; x_wconf 80' lang='lat'>9.</span> <span class='ocrx_word' id='word_1_215' title='bbox 599 4294 685 4347; x_wconf 88' lang='lat' dir='ltr'>1o.</span> <span class='ocrx_word' id='word_1_216' title='bbox 739 4290 837 4364; x_wconf 76' lang='grc' dir='ltr'>τῆς</span> <span class='ocrx_word' id='word_1_217' title='bbox 884 4290 1225 4364; x_wconf 78' lang='grc' dir='ltr'><strong><em>χαμαιζήλου</em></strong></span> <span class='ocrx_word' id='word_1_218' title='bbox 1273 4293 1549 4354; x_wconf 76' lang='grc' dir='ltr'><strong><em>πολιτείας</em></strong></span> <span class='ocrx_word' id='word_1_219' title='bbox 1597 4294 1691 4347; x_wconf 79' lang='grc' dir='ltr'>καὶ</span> <span class='ocrx_word' id='word_1_220' title='bbox 1725 4289 1891 4361; x_wconf 81' lang='grc' dir='ltr'><strong><em>δόξης</em></strong></span> <span class='ocrx_word' id='word_1_221' title='bbox 1925 4287 2078 4362; x_wconf 73' lang='grc' dir='ltr'><strong><em>κενῆς</em></strong></span> <span class='ocrx_word' id='word_1_222' title='bbox 2114 4285 2351 4360; x_wconf 75' lang='grc' dir='ltr'><strong><em>ἀπέστης</em></strong></span> <span class='ocrx_word' id='word_1_223' title='bbox 2361 4328 2379 4356; x_wconf 83' lang='grc'><strong><em>,</em></strong></span> <span class='ocrx_word' id='word_1_224' title='bbox 2440 4283 2827 4366; x_wconf 67' lang='grc' dir='ltr'><strong><em>εὖαγγελιστὴς</em></strong></span> 
     </span>
     <span class='ocr_line' id='line_1_64' title="bbox 215 4374 2826 4452; baseline 0 -20"><span class='ocrx_word' id='word_1_225' title='bbox 215 4374 330 4433; x_wconf 73' lang='grc' dir='ltr'>ἀπὸ</span> <span class='ocrx_word' id='word_1_226' title='bbox 365 4376 466 4433; x_wconf 81' lang='grc' dir='ltr'>τοῦ</span> <span class='ocrx_word' id='word_1_227' title='bbox 499 4376 731 4436; x_wconf 77' lang='grc' dir='ltr'><strong><em>τελώνου</em></strong></span> <span class='ocrx_word' id='word_1_228' title='bbox 764 4378 1063 4452; x_wconf 66' lang='grc' dir='ltr'><strong><em>γενόμενος.</em></strong></span> <span class='ocrx_word' id='word_1_229' title='bbox 1103 4380 1245 4436; x_wconf 83' lang='lat' dir='ltr'>Nov.</span> <span class='ocrx_word' id='word_1_230' title='bbox 1277 4380 1361 4434; x_wconf 89' lang='grc'>16.</span> <span class='ocrx_word' id='word_1_231' title='bbox 1414 4380 1629 4443; x_wconf 76' lang='grc' dir='ltr'><strong><em>τελείως</em></strong></span> <span class='ocrx_word' id='word_1_232' title='bbox 1656 4382 1938 4441; x_wconf 80' lang='grc' dir='ltr'><strong><em>κατέλιπες</em></strong></span> <span class='ocrx_word' id='word_1_233' title='bbox 1973 4377 2080 4434; x_wconf 75' lang='grc' dir='ltr'>τῶν</span> <span class='ocrx_word' id='word_1_234' title='bbox 2119 4378 2368 4449; x_wconf 58' lang='grc' dir='ltr'><strong><em>ἐπιγείων</em></strong></span> <span class='ocrx_word' id='word_1_235' title='bbox 2404 4375 2500 4449; x_wconf 81' lang='grc' dir='ltr'>τὴν</span> <span class='ocrx_word' id='word_1_236' title='bbox 2536 4375 2826 4451; x_wconf 73' lang='grc' dir='ltr'><strong><em>σύγχυσιν.</em></strong></span> 
     </span>
     <span class='ocr_line' id='line_1_65' title="bbox 213 4463 2825 4544; baseline 0 -24"><span class='ocrx_word' id='word_1_237' title='bbox 213 4465 349 4520; x_wconf 81' lang='lat' dir='ltr'>Ibid.</span> <span class='ocrx_word' id='word_1_238' title='bbox 398 4465 492 4521; x_wconf 75' lang='grc' dir='ltr'>τὸν</span> <span class='ocrx_word' id='word_1_239' title='bbox 529 4465 795 4541; x_wconf 76' lang='grc' dir='ltr'><strong><em>χρυσὸν</em></strong></span> <span class='ocrx_word' id='word_1_240' title='bbox 829 4468 1163 4540; x_wconf 79' lang='grc' dir='ltr'><strong><em>καταλείψας</em></strong></span> <span class='ocrx_word' id='word_1_241' title='bbox 1199 4464 1276 4530; x_wconf 76' lang='grc' dir='ltr'>ὥς</span> <span class='ocrx_word' id='word_1_242' title='bbox 1311 4464 1556 4539; x_wconf 77' lang='grc' dir='ltr'><strong><em>ἀληθῶς,</em></strong></span> <span class='ocrx_word' id='word_1_243' title='bbox 1594 4466 1689 4524; x_wconf 75' lang='grc' dir='ltr'>τὸν</span> <span class='ocrx_word' id='word_1_244' title='bbox 1724 4465 2035 4544; x_wconf 75' lang='grc' dir='ltr'><strong><em>Χριστὸν</em></strong></span> <span class='ocrx_word' id='word_1_245' title='bbox 2071 4467 2131 4522; x_wconf 79' lang='grc' dir='ltr'>δὲ</span> <span class='ocrx_word' id='word_1_246' title='bbox 2167 4463 2437 4538; x_wconf 77' lang='grc' dir='ltr'><strong><em>ποθήσας</em></strong></span> <span class='ocrx_word' id='word_1_247' title='bbox 2472 4465 2825 4542; x_wconf 73' lang='grc' dir='ltr'><strong><em>φιλευσεβτῖς.</em></strong></span> 
     </span>
    </p>
   </div>
   <div class='ocr_carea' id='block_1_23' title="bbox 211 4553 1112 4626">
    <p class='ocr_par' dir='ltr' id='par_1_33' title="bbox 211 4553 1112 4626">
     <span class='ocr_line' id='line_1_66' title="bbox 211 4553 1112 4626; baseline 0.001 -16"><span class='ocrx_word' id='word_1_248' title='bbox 211 4553 356 4611; x_wconf 68' lang='lat' dir='ltr'>ibid.</span> <span class='ocrx_word' id='word_1_249' title='bbox 423 4555 499 4610; x_wconf 84' lang='lat' dir='ltr'>Es</span> <span class='ocrx_word' id='word_1_250' title='bbox 535 4555 614 4610; x_wconf 81' lang='lat' dir='ltr'>ist</span> <span class='ocrx_word' id='word_1_251' title='bbox 648 4556 740 4610; x_wconf 85' lang='lat' dir='ltr'>ein</span> <span class='ocrx_word' id='word_1_252' title='bbox 774 4555 1112 4626; x_wconf 81' lang='lat' dir='ltr'>Wortspiel.</span> 
     </span>
    </p>
   </div>
   <div class='ocr_carea' id='block_1_24' title="bbox 391 4642 2520 4725">
    <p class='ocr_par' dir='ltr' id='par_1_34' title="bbox 391 4642 2520 4725">
     <span class='ocr_line' id='line_1_67' title="bbox 391 4642 2520 4725; baseline 0.002 -29"><span class='ocrx_word' id='word_1_253' title='bbox 391 4642 460 4697; x_wconf 84' lang='lat' dir='ltr'>V.</span> <span class='ocrx_word' id='word_1_254' title='bbox 498 4645 586 4698; x_wconf 84' lang='lat'>23.</span> <span class='ocrx_word' id='word_1_255' title='bbox 638 4644 696 4697; x_wconf 87' lang='lat' dir='ltr'>iu</span> <span class='ocrx_word' id='word_1_256' title='bbox 733 4644 932 4715; x_wconf 82' lang='lat' dir='ltr'>capite.</span> <span class='ocrx_word' id='word_1_257' title='bbox 987 4643 1019 4701; x_wconf 85' lang='grc' dir='ltr'>ὁ</span> <span class='ocrx_word' id='word_1_258' title='bbox 1055 4642 1275 4722; x_wconf 77' lang='grc' dir='ltr'><strong><em>πρῶτος</em></strong></span> <span class='ocrx_word' id='word_1_259' title='bbox 1309 4644 1409 4703; x_wconf 79' lang='grc' dir='ltr'>τοῦ</span> <span class='ocrx_word' id='word_1_260' title='bbox 1441 4643 1693 4725; x_wconf 76' lang='grc' dir='ltr'><strong><em>Χριστοῦ</em></strong></span> <span class='ocrx_word' id='word_1_261' title='bbox 1727 4643 2043 4722; x_wconf 67' lang='grc' dir='ltr'><strong><em>εὐαγγέλιον</em></strong></span> <span class='ocrx_word' id='word_1_262' title='bbox 2078 4644 2326 4725; x_wconf 66' lang='grc' dir='ltr'>γράψας.</span> <span class='ocrx_word' id='word_1_263' title='bbox 2382 4646 2520 4704; x_wconf 79' lang='lat' dir='ltr'>lbid.</span> 
     </span>
    </p>
   </div>
   <div class='ocr_carea' id='block_1_25' title="bbox 304 4761 1087 4822">
    <p class='ocr_par' dir='ltr' id='par_1_35' title="bbox 304 4761 1087 4822">
     <span class='ocr_line' id='line_1_68' title="bbox 304 4761 1087 4822; baseline 0.006 -16"><span class='ocrx_word' id='word_1_264' title='bbox 304 4761 475 4819; x_wconf 70' lang='lat' dir='ltr'>Morte,</span> <span class='ocrx_word' id='word_1_265' title='bbox 504 4761 680 4811; x_wconf 75' lang='lat' dir='ltr'>latein.</span> <span class='ocrx_word' id='word_1_266' title='bbox 711 4765 959 4822; x_wconf 77' lang='lat' dir='ltr'>Bymnen.</span> <span class='ocrx_word' id='word_1_267' title='bbox 999 4765 1087 4813; x_wconf 89' lang='lat'>111.</span> 
     </span>
    </p>
   </div>
   <div class='ocr_carea' id='block_1_26' title="bbox 2367 4744 2412 4806">
    <p class='ocr_par' dir='ltr' id='par_1_36' title="bbox 2367 4744 2412 4806">
     <span class='ocr_line' id='line_1_69' title="bbox 2367 4744 2412 4806; baseline 0 0"><span class='ocrx_word' id='word_1_268' title='bbox 2367 4744 2412 4806; x_wconf 80' lang='lat'>9</span> 
     </span>
    </p>
   </div>
  </div>
 </body>
</html>
