3175 5234
200 462 325 530 cui
357 463 582 527 'amn
625 468 816 527 satan
860 462 1129 547 expavit

288 563 478 648 signo
522 563 738 629 erucis
784 562 993 646 edito,
1371 562 1453 626 1o

199 677 270 734 et
314 686 458 735 oum
502 674 691 733 satan
734 664 1025 730 deviavit

294 771 485 853 signo
528 767 739 834 orueis
769 765 1047 854 ⁸cognito
1063 814 1082 846 ‚

200 875 375 940 huno
420 880 488 937 et
530 871 706 935 illum
751 869 1109 953 requisisti,

288 994 515 1058 regem
560 972 887 1038 Christum
928 970 1264 1055 quaeritas,

202 1078 308 1144 eui
354 1095 477 1161 per
517 1075 645 1140 hoo
690 1073 1065 1155 deservisti,
1374 1073 1454 1133 15

294 1178 471 1264 quod
511 1185 693 1244 trans
736 1178 974 1243 flumen
1019 1176 1312 1261 portitas.

204 1398 472 1465 Omnem
514 1394 669 1460 illue
710 1394 1107 1473 venientem,

295 1502 403 1586 qui
447 1500 725 1566 transire
769 1497 976 1563 voluit
994 1543 1012 1579 ‚
1227 1485 1236 1495 '

206 1604 420 1669 donee
459 1619 735 1685 puerum
778 1599 1107 1682 ingentem

293 1703 637 1784 transfers,
692 1702 799 1785 qui
848 1708 912 1765 te
957 1699 1200 1765 studuit
1373 1698 1458 1763 20

206 1809 304 1875 sio
346 1826 628 1892 gravare
643 1854 661 1890 ,
707 1813 778 1871 ut
821 1804 1101 1868 transire

291 1911 407 1975 vix
449 1910 711 1973 valeres
757 1906 1047 1973 fluvium:

210 2032 354 2099 „me
394 2009 717 2096 pressisti,
762 2009 1003 2091 inquis,
1045 2007 1208 2074 mire

291 2115 477 2181 velut
517 2110 772 2199 pondus
815 2104 1180 2177 montium.“

205 2329 358 2399 Ait:
422 2331 572 2416 „qui
616 2327 840 2413 regem
886 2327 1151 2412 dignum
1375 2327 1460 2390 25

298 2434 512 2501 eredis
556 2433 802 2500 eunetis
845 2430 1203 2517 praeferens
1217 2478 1236 2514 ‚

206 2539 403 2622 virga
446 2544 559 2601 tna
603 2536 687 2600 sit
730 2534 798 2598 in
844 2534 1097 2616 signum

297 2640 496 2705 flores
538 2637 791 2702 fruetus
836 2627 1242 2719 proferens.“

207 2742 457 2812 Samon
499 2742 719 2824 venis,
763 2740 1050 2824 linguam
1094 2738 1339 2823 neseis,

301 2864 480 2927 oras,
524 2853 596 2910 ut
637 2844 997 2927 intelligas,
1375 2841 1459 2906 30

208 2950 580 3017 idolatriam
623 2947 952 3014 horrescis
966 2995 985 3030 ,

297 3062 374 3119 ut
416 3050 645 3118 fideles
687 3052 924 3135 erigas.

208 3262 328 3332 Ad
373 3272 698 3331 certamen
738 3260 1077 3345 defigebas

300 3369 586 3453 virgam,
630 3386 778 3451 quae
818 3383 971 3431 mox
1013 3363 1260 3448 floruit,

211 3482 286 3540 et
327 3491 472 3539 eum
513 3473 771 3537 vinetus
817 3471 1246 3556 compar-ebes
1378 3467 1466 3531 35

300 3594 519 3644 eoram
565 3593 760 3659 rege,
805 3575 1079 3657 corruit,

211 3681 325 3765 qui
369 3686 436 3746 te
478 3678 743 3744 mandat
784 3676 1111 3745 eareerari

304 3795 398 3870 et,
443 3788 553 3870 qui
596 3793 662 3851 te
707 3785 1142 3867 adduxerant,

206 3891 449 3959 milites
490 3907 642 3955 mox
686 3888 1000 3955 decollari
1014 3937 1033 3971 ,

302 3995 413 4078 qui
454 4014 576 4080 per
621 4002 687 4059 te
731 3992 1159 4060 crediderant.
1379 3992 1467 4058 40

1557 457 1872 546 Aquilina
1915 467 1984 525 et
2025 457 2287 541 Nieeta,

1644 564 1841 629 missa
1888 570 1955 630 te
1996 564 2294 647 allicere,

1560 651 2025 734 convertuntur
2067 674 2283 733 mente
2328 666 2510 751 laeta,

1644 770 2046 855 perimuntur
2090 789 2396 856 propere.

1559 872 1792 938 ferreis
1837 892 1911 938 es
1954 872 2161 957 virgis
2206 891 2418 941 caesus
2730 878 2815 942 45

1648 973 2062 1059 superjectus
2106 974 2330 1041 ferreo

1560 1085 1631 1141 et
1672 1077 1878 1160 ignito
1922 1095 2188 1143 scamno
2231 1078 2456 1163 laesus,

1649 1189 1863 1246 tamen
1910 1199 2041 1246 non
2084 1180 2253 1247 ideo.

1561 1368 1730 1435 Hine
1775 1368 2038 1451 sagittae
2077 1367 2406 1453 jaciuntur

1650 1481 1880 1540 eontra
1924 1481 1991 1539 te
2034 1475 2386 1539 innumerae
2400 1522 2418 1558 ‚
2731 1475 2819 1540 50

1563 1574 1683 1641 sed
1726 1576 1792 1641 in
1838 1595 2075 1642 vanum
2118 1577 2659 1659 transmittuntur,

1651 1678 1943 1743 resident
1984 1678 2050 1743 in
2087 1683 2278 1761 aere3

1565 1781 1714 1847 dum
1752 1800 1872 1845 rex
1919 1780 2033 1846 tibi
2074 1780 2432 1864 insultavit,

1650 1901 1783 1948 una
1824 1890 2004 1947 retro
2048 1881 2309 1947 rediens

1566 1986 1711 2071 ejus
1748 1985 2004 2051 oculum
2040 1988 2314 2052 oaeeavit
2731 1989 2815 2052 55

1652 2107 1805 2155 mox
1854 2090 2095 2172 sagitta
2138 2090 2397 2155 feriens.

1401 2277 1430 2303 ⁰
1563 2278 1741 2345 Ense
1784 2298 1908 2344 rex
1952 2286 2018 2344 te
2064 2275 2328 2344 christo
2369 2277 2554 2344 dedit

1651 2394 1721 2452 et
1764 2383 1849 2450 de
1891 2391 2004 2450 tuo
2049 2384 2367 2467 sanguine

1562 2488 1774 2554 visum
1816 2487 2032 2570 unxit,
2078 2484 2267 2568 vidit,
2311 2483 2483 2550 redit

1650 2607 1803 2655 mox
1846 2589 1912 2654 in
1959 2587 2203 2654 Christi
2246 2589 2520 2654 nomine.
2734 2589 2837 2657 60·

1564 2779 1834 2861 Quaeso,
1876 2785 2033 2863 pete
2073 2795 2246 2846 nuno
2288 2798 2349 2844 a·
2373 2778 2531 2863 deo,

1648 2891 1722 2952 nt
1764 2884 1862 2950 sio
1904 2882 2027 2949 sibi
2071 2883 2351 2948 serviam

1565 3005 1825 3073 semper
1866 2993 2008 3052 toto
2050 3002 2249 3069 posse
2292 2996 2439 3052 meo
2458 3032 2477 3068 ,

1651 3099 1724 3157 ut
1764 3091 1831 3154 in
1875 3086 2007 3153 fine
2052 3087 2336 3153 audiam:

1568 3211 1803 3281 „serve
1837 3195 2013 3259 bone
2055 3200 2124 3260 et
2166 3189 2378 3256 fidelis
2398 3238 2417 3272 ,
2732 3193 2815 3257 65

1653 3299 1823 3362 intra
1865 3313 2038 3361 nuno
2082 3295 2149 3358 in
2192 3292 2497 3376 gandium

1567 3387 1808 3468 domini
1850 3399 1942 3464 tui
1985 3398 2054 3463 in
2099 3393 2282 3463 eoelis

1656 3503 1869 3571 dantis
1912 3502 2101 3587 regni
2147 3494 2540 3586 praemim.“

1567 3684 1770 3752 Vultu
1814 3693 1926 3750 tuo
1969 3701 2072 3752 me
2120 3683 2388 3767 assigna

1658 3788 1831 3854 omni
1870 3787 2053 3872 loeo,
2098 3795 2424 3873 tempore,
2738 3788 2823 3850 '20

1568 3911 1654 3957 ne
1699 3892 2022 3975 attingant
2061 3911 2166 3956 me
2210 3891 2496 3972 maligna
2514 3938 2531 3971 ‚

1659 4011 1702 4058 o
1749 4000 1975 4059 sanote
2021 3990 2509 4077 christophore.

389 4214 776 4271 Reiehenauer
807 4215 904 4270 Hs.
941 4215 1047 4270 No.
1086 4214 1170 4268 36.
1206 4212 1293 4270 Bl.
1333 4213 1452 4268 186.
1490 4213 1613 4268 187.
1694 4211 2122 4269 Kirehenlieder
2159 4209 2300 4266 iiber
2334 4210 2524 4266 diesen
2560 4207 2823 4281 Heiligen

208 4303 438 4360 enthilt
468 4303 615 4359 auch
649 4301 739 4356 die
779 4298 999 4358 schrift
1033 4316 1146 4357 von
1181 4301 1339 4357 Ferd.
1372 4300 1630 4369 flammae,
1680 4299 1783 4356 der
1816 4316 2022 4382 grosse
2059 4298 2381 4368 christoph.
2433 4296 2626 4353 Berlin
2666 4297 2822 4353 1843.

208 4391 275 4446 in
307 4392 360 4445 4.
429 4390 599 4446 Eines
635 4389 789 4445 steht
826 4389 970 4443 auch
1009 4389 1066 4443 i‘n
1104 4389 1228 4444 dem
1262 4386 1678 4445 Antidotarium
1713 4387 1913 4443 animae
1952 4385 2063 4442 Nic.
2090 4385 2311 4441 Saliceti.
2337 4386 2643 4456 Argentor.
2666 4385 2821 4440 1491.

211 4474 318 4534 fol.
359 4478 474 4534 138.
513 4478 617 4533 mit
648 4476 857 4532 diesem
894 4473 1154 4549 Anfang:

499 4580 707 4639 Sancte
742 4579 1154 4651 christophore
1172 4620 1188 4650 ‚

567 4674 791 4742 martyr
823 4668 963 4726 Jesu
1000 4666 1212 4727 christi
1231 4705 1248 4739 ,

1796 4580 1891 4652 qui
1923 4591 2032 4651 pro
2068 4577 2283 4637 christi
2315 4578 2536 4634 nomine

1847 4680 2048 4741 poenas
2090 4665 2393 4742 pertulisti.
