3175 5234
368 274 455 338 78

367 475 431 513 se
496 458 827 513 moriturum
891 468 1166 527 perversa
1232 449 1601 508 festinatione
1670 450 2025 520 promiserat.
2130 450 2396 520 Amudin.
2462 450 2520 503 in
2597 464 2803 521 evang.
2863 451 2993 506 Joh.

370 551 441 599 tr·
492 546 730 685 123.’·ἕο.
784 631 984 684 Petrus
1031 623 1316 699 significat
1365 641 1574 694 corpus
1626 623 1933 692 bonorum,
1996 623 2165 678 immo
2202 639 2409 694 corpus
2446 621 2732 690 ecclesiae,
2799 623 2993 678 sedin

367 718 550 772 bonis.
604 732 731 771 nam
767 716 817 771 si
855 717 912 769 in
949 716 1121 770 Petro
1160 729 1272 768 non
1300 718 1453 766 esset
1480 710 1737 765 ecclesiae
1767 716 2192 778 sacramentum,
2234 726 2348 765 non
2376 711 2430 764 ei
2459 708 2671 763 diceret
2700 709 2985 763 dominus:

373 803 509 874 „tibi
544 802 692 857 dabo
731 801 922 857 claves
960 799 1266 855 coelorum“
1318 797 1544 867 (Matth.
1587 797 1681 864 16,
1721 797 1836 865 19).
1891 795 1940 849 si
1989 796 2098 850 hoc
2136 795 2310 850 Petro
2361 801 2576 850 tantum
2625 796 2835 851 dictum
2885 803 2991 863 est,

369 907 482 946 non
520 888 659 945 facit
693 890 804 942 hoc
842 886 1114 954 ecclesia3
1164 885 1212 937 si
1241 890 1426 939 antem
1455 890 1512 937 et
1539 884 1596 936 in
1626 882 1873 938 ecclesia
1900 880 1980 949 fit,
2020 881 2238 950 Petrae,
2276 880 2500 951 quando
2530 881 2726 936 claves
2753 883 2992 952 accepit,

371 976 670 1032 ecclesiam
706 980 958 1028 sanctam
995 968 1353 1043 significavit.
1390 973 1656 1040 Auyustin.
1692 970 1748 1023 in
1787 984 1989 1039 evang.
2026 968 2159 1036 Joh,
2196 972 2268 1022 tr.
2296 970 2384 1035 51,
2424 970 2507 1021 12.
2580 968 2762 1025 Unter
2800 981 2995 1023 sacra·

369 1072 608 1120 mentum
658 1064 918 1120 versteht
964 1062 1311 1133 Augustinus
1363 1059 1638 1115 zuweilen
1690 1059 1791 1113 das
1840 1058 2187 1114 Geheimniss
2240 1057 2377 1114 oder
2430 1057 2523 1113 die
2577 1058 2836 1129 gehenne
2891 1061 2995 1114 Be·

370 1153 632 1224 deutung.

1299 1432 1469 1504 677.
1544 1432 1661 1503 De
1716 1456 1770 1502 s.
1823 1430 2066 1502 Petro.

370 1628 554 1712 Ave,
601 1649 640 1692 o
688 1630 882 1695 Petre
930 1631 1154 1707 beate,
1736 1627 2150 1706 actionesque
2197 1623 2457 1687 insanas

456 1734 764 1817 princeps
811 1730 1202 1815 apostolice,
1823 1726 2029 1790 virosi
2073 1724 2408 1807 facinoriS,

372 1837 671 1901 columna
719 1833 1047 1897 inviolatae
1734 1829 2007 1890 virtutes
2055 1825 2209 1914 mihi
2257 1824 2343 1888 da
2388 1843 2583 1887 sanas

457 1938 614 2003 fidei
660 1936 1039 2016 catholicae,
1821 1930 1991 1992 dono
2039 1929 2132 1992 tui
2176 1927 2450 1992 roboris.

370 2041 577 2106 dulcis
622 2038 1017 2123 praedicator
1062 2037 1235 2101 datae
1588 2037 1626 2097 5
3012 2108 3017 2111 ἤ

455 2143 623 2224 legis
668 2141 1107 2223 evangeljcae'
1731 2116 1918 2199 Ave,
1968 2117 2075 2198 qui
2124 2115 2460 2182 Tabitham
2504 2116 2729 2179 mortis
2911 2116 2997 2178 25

371 2248 474 2312 fac
522 2247 903 2331 participem
954 2264 1054 2307 me
1104 2252 1313 2325 gratae
1818 2221 2093 2324 {USCitas
2142 2220 2223 2282 (Ῑθ
2271 2238 2571 2300 carcere,

458 2351 690 2432 grafiae
745 2349 1103 2412 dominicae‚
1733 2333 1961 2388 contra
2007 2322 2191 2386 nefas
2237 2331 2309 2388 ut
2354 2324 2471 2386 sim
2515 2323 2738 2404 fortini,

1253 2442 1258 2448 ’
1818 2428 1927 2508 pio
1974 2428 2198 2490 confer
2243 2446 2539 2507 munero,

367 2528 551 2606 Ave,
598 2526 704 2607 qni
753 2524 1191 2590 centurionem
1732 2528 1953 2590 mortis
2000 2527 2233 2590 festina
2280 2528 2363 2590 de
2408 2529 2616 2611 portis

456 2628 782 2694 convertis
828 2624 1236 2706 Cornelium,
1545 2627 1625 2688 10
1817 2650 1918 2693 me
1967 2631 2094 2694 cito
2140 2630 2424 2714 eripere,
2910 2630 2997 2693 30

369 2732 627 2797 stultam
676 2751 715 2794 a
759 2748 862 2792 me
910 2727 1334 2814 passionem?
1731 2735 1814 2799 da
1859 2735 1923 2798 in
1968 2735 2257 2817 paradisi
2302 2734 2509 2798 hortis

452 2834 653 2917 pelle,
700 2833 800 2894 fer
847 2830 1151 2894 auxilium
1817 2837 1943 2902 deo
1988 2837 2217 2901 laudes
2263 2855 2583 2921 promere.

367 2938 552 3019 mihi,
599 2956 718 3019 per
767 2934 1122 2998 orationem

453 3052 628 3105 tuam
675 3040 780 3103 dei
825 3038 1022 3102 filium
1727 3026 1911 3109 Ave,
1958 3029 2064 3109 qui
2109 3028 2333 3091 mortis
2380 3044 2747 3092 mucronem

365 3144 672 3228 placans»,
719 3143 866 3208 coeli
910 3142 1301 3205 mansionem
1544 3143 1621 3202 15
1813 3130 2027 3194 vicisti
2071 3147 2531 3213 praepropere,

454 3246 537 3311 da
584 3256 735 3331 post
777 3247 905 3316 hoc
950 3246 1226 3310 exilium,
1728 3250 2044 3317 spernens
2091 3251 2405 3297 caesarem
2453 3231 2779 3297 Neronem
2907 3236 2989 3297 35

1815 3352 2112 3400 sermone
2152 3344 2227 3399 ‘et
2272 3352 2474 3417 opere
2489 3355 2509 3416 3

362 3435 536 3517 Ave,
584 3440 691 3520 qui
738 3447 1027 3520 aegrotos
1073 3456 1267 3500 sanas
1728 3439 1845 3520 da,
1891 3439 2021 3501 vim
2067 3438 2298 3501 inferni
2344 3436 2647 3502 draconis

451 3539 677 3603 umbra
722 3540 812 3600 tui
859 3538 1185 3617 corporiS,
1812 3549 1882 3604 ut
1926 3541 2166 3622 possim
2217 3540 2599 3621 devincere,

366 3641 795 3720 cogitationes
844 3657 1050 3701 vanas
1728 3663 1829 3708 me
1874 3644 2080 3707 tribsss
2127 3644 2318 3709 Judae
2363 3645 2617 3710 leonem

452 3743 578 3804 mei
620 3743 778 3822 fuga
823 3742 1108 3824 pectoris
1538 3746 1620 3806 20
1814 3747 1921 3808 fac
1964 3747 2026 3807 in
2077 3745 2257 3809 coelis
2306 3765 2593 3810 cernere.
2906 3750 2990 3810 40

540 3926 634 3979 Hs,
674 3939 789 3980 von
826 3925 1144 3996 Tegei-osee
1183 3927 1285 3982 No.
1330 3928 1465 3982 1824
1502 3927 1601 3982 des
1644 3931 1707 3981 15
1744 3929 1940 3984 Jahrb.
1989 3946 2057 3983 zu
2097 3930 2385 3984 Miinchen.

536 4044 601 4098 V.
638 4047 688 4100 2.
741 4045 1021 4115 princepe
1080 4046 1336 4102 Veneror
1375 4062 1482 4117 pro
1531 4047 1619 4102 sui
1673 4048 1872 4102 merito
1926 4051 2151 4103 Petrum
2199 4049 2437 4118 primum
2484 4050 2882 4118 apostolorum
2932 4056 2993 4106 et

361 4133 849 4188 eminentissimum
885 4139 1209 4203 martyrum.
1267 4136 1533 4206 Auyusun.
1571 4135 1640 4189 de
1677 4135 1831 4206 bapt.
1873 4136 1924 4204 6,
1959 4138 2009 4188 3.
2061 4139 2272 4211 Πέτρος
2310 4134 2340 4190 ὁ
2377 4132 2483 4190 τῶν
2518 4135 2791 4206 μαθητῶν
2827 4157 2993 4212 κορυ-

363 4228 543 4288 φαῖος.
596 4222 847 4292 Chrysosl.
885 4221 953 4276 de
992 4237 1157 4276 cruce
1194 4226 1245 4290 2,
1282 4225 1334 4276 2.

537 4307 601 4360 V.
637 4311 687 4362 4.
746 4306 898 4363 fides.
971 4309 1030 4363 ln
1070 4308 1324 4364 omnibus
1361 4309 1506 4364 locis
1542 4299 1951 4365 ardentissimae
2002 4307 2131 4366 fidei
2169 4310 2450 4365 invenitur
2488 4313 2709 4365 Petrus.
2763 4310 2987 4364 Hieron.

360 4392 418 4445 iu
456 4392 650 4447 Matth.
689 4396 772 4461 15,
807 4396 897 4450 28.
970 4397 1102 4450 Dies
1138 4397 1286 4452 wird
1321 4397 1394 4452 im
1430 4397 1628 4452 Horar.
1656 4400 1759 4451 241
1800 4404 1904 4469 gut
1939 4415 2005 4452 so
2045 4397 2453 4468 ausgedriickt:
2493 4394 2525 4467 ‚J
2545 4400 2719 4471 πέτρα
2737 4395 2988 4469 Χριστὸς

362 4478 486 4549 τὴν
522 4482 783 4554 πέτραν
819 4478 898 4550 τῆ
911 4502 942 4543 ς
978 4488 1288 4546 πίστεως
1325 4482 1541 4551 δοξάζει
1579 4482 1849 4558 φαιδρῶς,
1887 4483 1992 4539 τῶν
2026 4482 2295 4554 μαθητῶν
2333 4483 2426 4541 τὸν
2461 4483 2885 4560 πρωτόθρονον.

540 4566 604 4619 V.
643 4569 693 4620 5.
746 4568 1105 4636 praedicator.
1168 4570 1199 4626 ὁ
1237 4575 1468 4647 Πέτρος,
1507 4571 1540 4640 ἡ
1578 4575 1773 4646 κρηπὶς
1808 4570 1905 4640 τῆς
1943 4572 2242 4641 ἐκκλησίας,
2279 4568 2309 4627 ὁ
2346 4569 2575 4643 μανικὸς
2613 4570 2851 4647 ἐραστὴς
2888 4569 2987 4627 τοῦ

358 4653 608 4728 Χριστοῦ
657 4657 748 4708 καὶ
786 4651 1117 4718 α”παίδευτος
1158 4656 1236 4729 τῷ
1272 4656 1450 4732 λόγῳ,
1505 4663 1596 4713 καὶ
1634 4657 1873 4732 ῥητόρωγ
1910 4657 2319 4734 περιγινόμενος
2356 4658 2387 4715 ὁ
2426 4656 2664 4731 ἀμαθὴς
2699 4662 2792 4712 καὶ
2829 4661 2987 4730 φιλο·
