3175 5234
448 455 652 511 Diones
683 455 824 512 Lied
855 454 938 512 ist
973 456 1116 512 nach
1153 453 1278 510 dam
1312 452 1827 510 Rmukranzliede
1866 453 1971 507 No.
2000 453 2120 508 507.
2154 453 2434 524 gemacht,
2472 452 2571 507 bat
2606 452 2746 510 aber
2775 465 2879 508 nur

276 545 347 599 146
383 542 689 612 Strophen.
759 542 845 596 Da
892 542 952 596 in
1001 542 1101 596 der
1138 545 1332 595 ersten
1369 541 1622 609 Strophe
1657 539 1783 592 vier
1820 537 2222 592 verschiedene
2260 537 2623 594 Grussworte
2662 541 2879 601 stehen,
2939 562 2958 579 ·

273 631 349 684 im
386 628 627 700 iibrigen
665 628 838 683 Texta
878 628 1018 682 aber
1056 643 1161 680 nur
1196 629 1305 680 Ave
1341 625 1678 694 vorkommt,
1723 641 1790 681 so
1828 625 2049 680 scheint
2085 625 2229 678 auch
2268 624 2420 678 diese
2450 623 2882 695 Einffirmigkeit

283 713 611 770 fehlerhaft.
2306 721 2309 722 ’

453 839 522 891 46
571 835 775 904 fulcro,
813 837 909 891 Hs.
1009 839 1079 890 54
1114 836 1168 890 in
1208 841 1369 891 mort.
1410 835 1506 890 Hs.
1605 835 1676 888 80
1709 835 1933 888 hortum
1969 831 2010 887 s.
2048 838 2194 903 port.
2233 834 2329 887 Hs.
2425 835 2527 887 118
2568 832 2771 903 gratiae
2808 832 2883 886 ist

279 922 605 982 fehlerhaft.
717 925 821 977 130
875 924 1012 980 ebur
1050 924 1124 977 ist
1160 924 1261 978 der
1297 935 1480 977 aecus,
1594 921 1695 974 156
1749 918 1897 975 facie
1919 959 1934 989 ‚
1969 920 2065 975 Hs.
2176 921 2279 974 158
2332 925 2453 976 rete
2492 917 2530 975 f.
2567 925 2714 975 rotae
2736 960 2750 989 ,
2786 918 2881 973 Hs.

283 1015 385 1067 159
423 1016 635 1080 autem,
672 1011 766 1066 Hs.

980 1293 1197 1366 1001.
1252 1291 1506 1365 Oratio
1560 1291 1650 1362 (le
1701 1317 1757 1362 s.
1802 1289 2209 1362 Ratherina.

283 1498 493 1582 Virgo
539 1506 764 1562 sancta
810 1494 1194 1578 Katheriua,
1638 1493 1979 1558 candidum
2026 1502 2096 1558 tu
2139 1494 2371 1576 lilium,
2803 1497 2879 1557 15

286 1621 434 1685 quae
479 1601 762 1666 coelestis
807 1618 879 1662 es
926 1600 1186 1681 regina,
1636 1598 1827 1682 placa
1872 1597 2102 1662 Mariae
2147 1596 2363 1661 filium.

283 1704 680 1769 medicamen
727 1711 1143 1785 peccatorum
2019 1724 2023 1728 ·

285 1808 697 1872 consolamen
744 1814 809 1870 et
854 1823 1127 1869 reorum.
1642 1783 1883 1865 [VirgO
1930 1801 2127 1862 vera,

948 1951 959 1961 ,
1638 1895 1710 1949 tu
1752 1885 1940 1948 favus
1984 1883 2190 1945 mellis
2238 1883 2376 1945 sine
2424 1902 2610 1964 cera,

287 1993 723 2082 sublevamen
771 2003 839 2058 tu
883 1995 1251 2077 lapsorum,
1494 1993 1531 2053 5
1640 1989 1747 2071 pia
1793 1987 1985 2068 virgo
2032 1984 2415 2066 Katherina,
2460 1995 2525 2050 te
2573 1986 2775 2051 adoro

284 2119 445 2163 vera
490 2098 641 2161 vitis
685 2097 1068 2177 electorum,
1639 2108 1761 2174 pro
1809 2089 2060 2153 delictis
2110 2097 2175 2152 et
2219 2090 2525 2172 imploro,
2801 2091 2884 2152 20

176 2263 182 2268 ἡ
286 2193 355 2249 tu
398 2186 700 2265 fragrans
745 2202 818 2246 88
863 2182 1373 2261 cardamomum,
1639 2200 1711 2257 ut
1755 2194 1821 2257 in
1865 2194 2030 2257 hora
2073 2213 2236 2256 meae
2280 2195 2505 2256 mortis

284 2289 638 2357 balsamum
683 2295 752 2351 et
796 2288 1278 2351 cinnamomum.
1642 2299 1730 2361 sis
1776 2297 2063 2381 adjutrix
2074 2345 2090 2379 5
2135 2299 2326 2380 virgo
2370 2300 2590 2380 fortis,

1640 2407 1714 2465 ut
1755 2397 2047 2464 inimicus
2091 2420 2213 2484 per
2257 2409 2322 2464 te
2366 2401 2575 2466 victus

247 2506 385 2592 ''l'u
430 2506 641 2581 electa
684 2505 1068 2588 margarita,
1643 2504 1898 2567 daemon
1944 2503 2135 2568 cedat
2177 2504 2586 2586 maledictu8‚

285 2616 358 2673 tu
403 2626 476 2671 es
522 2608 671 2673 coeli
712 2607 1078 2686 balsamita,
1152 2671 1158 2678 ,
1456 2606 1535 2669 10
1643 2612 1709 2668 et
1753 2624 1836 2668 ne
1889 2604 2189 2669 claustris
2224 2605 2471 2688 jungar
2518 2607 2711 2688 atria,
2801 2609 2885 2671 25

293 2718 362 2775 tu
410 2730 567 2776 rosa
612 2712 750 2774 sine
797 2712 1011 2793 spina,
1619 2708 1763 2780 ‚sed
1806 2710 1871 2772 in
1916 2711 2059 2773 sinu
2107 2711 2331 2774 summi
2369 2713 2575 2795 patris

288 2830 330 2877 o
377 2811 583 2876 dulcis
629 2809 1000 2875 Katherina.
1641 2809 1936 2877 Abrahae
1964 2833 2097 2894 me,
2128 2814 2318 2896 virgo
2351 2823 2609 2897 sancta,
2647 2816 2888 2898 locare,

1642 2919 1711 2976 ut
1758 2920 2030 2995 propter
2074 2922 2250 2977 tuum
2295 2935 2642 2997 precamen

290 3000 387 3065 Tu
429 3020 573 3066 cum
621 3000 855 3064 fronde
899 3000 1068 3075 filia,
1642 3015 1798 3079 mihi
1826 3022 2055 3098 parcat
2085 3016 2366 3080 ooelestis·
2389 3028 2595 3101 pater.
2643 3018 2886 3101 amen]

291 3103 475 3168 Costi
513 3105 692 3185 regis
737 3104 899 3184 filia,

291 3350 377 3405 Bl,
463 3262 871 3406 Stragsburger
924 3264 1020 3319 Hs.
1082 3265 1147 3320 K.
1212 3267 1333 3319 316.
1399 3265 1483 3320 Bl.
1552 3266 1657 3320 190
1719 3264 1853 3334 (S),
1919 3263 2029 3317 und
2078 3263 2459 3318 Reichenauer
2507 3263 2602 3317 Hs.
2649 3265 2753 3320 No.
2802 3268 2888 3320 36.

415 3352 519 3406 2⁰⁵
557 3357 590 3422 t
638 3356 683 3420 J

463 3475 514 3527 ¹7.
554 3475 625 3527 10
658 3490 720 3528 es
757 3472 902 3529 fehlt
936 3474 1045 3530 RS.
1138 3475 1172 3528 8
1209 3478 1270 3528 tu
1308 3472 1447 3528 hals.
1486 3477 1550 3528 tu
1587 3466 1703 3527 cin.
1732 3472 1842 3528 RS.
1930 3474 1999 3526 14
2033 3478 2093 3528 tu
2130 3471 2259 3528 Cos,
2294 3470 2401 3527 RS.
2476 3472 2544 3524 16
2580 3486 2688 3541 pro
2725 3469 2889 3528 nobis

287 3560 367 3629 pl.
407 3559 515 3614 RS.
610 3562 819 3614 17-29
858 3561 983 3616 siud
1020 3559 1491 3632 ein-Reimgebet,
1556 3561 1658 3615 das
1694 3559 1850 3615 nicht
1888 3577 1958 3614 zu
1995 3558 2117 3614 dem
2154 3557 2321 3613 Liede
2358 3558 2579 3631 gehort.
2647 3560 2713 3612 21
2752 3573 2890 3613 mene

291 3648 448 3702 steht
482 3647 625 3703 nach
661 3649 859 3703 mortis
895 3647 954 3703 S.

789 3929 1005 4003 1002.
1061 3929 1141 4003 S.
1193 3929 1622 4022 Ratherinae‚
1680 3928 1770 4000 ad
1822 3955 2011 4029 vesp.
2065 3929 2382 4029 hymnus.

290 4129 665 4198 Katherinae
717 4134 1155 4200 collaudemus
1638 4131 1833 4201 Fulta
1883 4134 2012 4200 fide
2058 4133 2414 4198 Katherina

377 4237 681 4301 virtutum
726 4239 1034 4321 insignia,
1722 4236 2010 4321 judicem
2056 4236 2456 4300 Maxentium

289 4338 508 4403 cordis
555 4342 611 4404 ei
659 4350 1126 4424 praesentemus
1641 4358 1770 4405 non
1816 4339 2151 4421 formidat,
2203 4339 2311 4402 lex
2359 4337 2582 4402 divina

377 4449 444 4504 et
492 4442 624 4505 oris
671 4444 1020 4525 obsequia,
1729 4443 1824 4507 sic
1871 4442 2083 4505 firmat
2129 4442 2482 4525 eloquium,
2804 4440 2884 4502 10

291 4549 363 4608 ut
404 4547 487 4612 ab
533 4546 677 4628 ipsa
721 4554 1127 4630 reportemus
1494 4550 1534 4610 5
1642 4544 1817 4629 quod
1862 4545 2151 4609 confutat
2197 4564 2282 4608 ex
2326 4543 2619 4608 doctrina

377 4665 569 4728 aequa
611 4647 822 4714 laudis
856 4649 1142 4733 praemia.
1729 4649 2033 4714 doctores
2077 4649 2428 4732 gentilium.
