3175 5234
393 270 523 335 154

393 454 571 522 Caeci
589 504 606 537 ,
652 456 864 522 claudi
883 504 901 538 ,
947 453 1153 537 surdi,
1198 457 1356 521 muti

394 566 544 623 sunt
586 557 670 622 ad
716 577 899 622 usum
943 556 1224 620 restituti
1553 558 1639 622 20

479 661 699 726 divina
742 660 1118 741 clementia3

389 782 520 828 non
566 771 667 828 est
701 767 982 847 morbus,
1029 783 1217 846 quem
1260 781 1389 828 non
1435 771 1640 848 curat,

393 864 542 931 dum
586 867 954 930 morbosum
995 882 1128 929 non
1171 865 1452 931 obdurat
1507 862 1512 871 '

475 968 668 1033 tarda
713 967 1091 1032 diffidentia.

387 1131 626 1197 Hostes
670 1131 913 1196 Christi
958 1130 1221 1196 Christo
1267 1129 1521 1212 cedant,
1554 1131 1637 1191 25

386 1235 575 1317 signa
617 1235 819 1317 signis
864 1233 1015 1299 dnm
1051 1231 1437 1312 succedant,

1831 463 2214 540 argumenta
2247 455 2424 538 fidei,

1745 576 1909 641 ergo
1954 566 2204 642 martyr
2248 558 2619 642 invocetur,

1745 668 1815 724 ut
1855 679 1978 744 per
2022 680 2168 725 eum
2211 662 2400 725 nobis
2447 660 2638 727 detur

1831 763 1914 828 ad
1961 772 2208 829 oeterna
2249 764 2544 849 provehi.
2912 766 3003 832 30

1742 924 1856 993 Ad
1902 928 2051 992 coeli
2094 928 2405 1012 palatium

1743 1037 1919 1094 tunm
1964 1047 2083 1093 nos
2128 1030 2428 1107 solatium

1831 1132 2111 1214 relevet,
2159 1151 2200 1198 o
2242 1134 2369 1217 pie.

524 1420 620 1474 Hs.
658 1436 773 1475 von
808 1420 867 1475 S.
905 1419 1075 1475 Peter
1112 1436 1183 1474 zu
1218 1418 1534 1475 Karlsruhe
1569 1418 1678 1474 No.
1717 1420 1785 1474 16
1819 1434 1872 1489 p.
1909 1420 2031 1474 397.
2065 1418 2167 1474 mit
2200 1418 2303 1473 der
2342 1418 2600 1488 Melodie,
2639 1420 2708 1473 14
2732 1418 2934 1474 Jahrh.

945 1701 1117 1777 745.
1183 1703 1301 1774 De
1352 1699 1877 1774 confessoribus
1929 1702 2420 1799 (troparium).

388 1908 449 1970 1.
507 1903 650 1968 Rex
695 1924 951 1988 regum,
997 1903 1157 1969 deus

516 2015 740 2072 noster
783 2007 1084 2087 colende,

385 2220 445 2282 2.
510 2218 608 2282 Tu
650 2217 1009 2284 moderaris
1052 2219 1336 2285 militiam

514 2319 927 2385 christianam
946 2367 964 2401 ,

510 2454 808 2520 Bellandi
851 2473 1097 2539 gnaros
1142 2456 1438 2521 horribili
1591 2458 1630 2518 5

510 2561 742 2645 proelio
789 2561 1173 2628 destinando
1196 2609 1216 2644 ,

514 2698 834 2764 Consules
876 2702 1049 2766 scios
1088 2702 1465 2786 reipublicae

508 2835 772 2921 Dando,
817 2839 1170 2921 magistros
1197 2839 1322 2904 tuis
1351 2839 1631 2924 populis.

377 3052 439 3115 3.
501 3049 646 3117 Nec
690 3053 859 3115 enim
902 3052 1150 3117 falleris

507 3152 792 3236 eligendi
838 3156 1128 3238 sapiens,
1547 3156 1629 3218 10

506 3288 709 3367 Quem
755 3290 860 3354 cui
903 3293 1225 3373 subroges

473 3393 889 3473 ,ministerio,
935 3392 1113 3456 deus.

504 3527 610 3592 Ex
654 3529 883 3609 quibus
929 3536 1032 3592 est
1076 3546 1264 3592 sacer

505 3630 630 3692 iste
675 3628 1015 3710 sacerdos,

508 3762 631 3840 Qui
673 3766 738 3828 in
781 3784 947 3850 pace
994 3766 1242 3850 degens
1543 3775 1625 3835 15

504 3868 805 3933 ecclesiae
850 3878 1096 3935 sanctae

371 4082 433 4145 4.
497 4082 887 4151 consiliatus
934 4095 1073 4170 est,

502 4190 779 4269 qualiter
823 4189 1030 4257 hostis

500 4290 932 4374 inruptionem

1869 1903 2030 1981 Quae
2075 1903 2245 1968 solet
2293 1904 2586 1969 incautos
2903 1905 2992 1970 20

1869 2006 2254 2090 depopulari
2274 2054 2293 2085 ,

1866 2110 2380 2195 praemonuisset.

1862 2247 1996 2313 Iste
2040 2248 2368 2314 haereticis
2412 2249 2660 2314 invisus

1867 2363 2061 2437 atque
2105 2354 2412 2438 paganis,

1868 2476 1995 2523 nec
2035 2474 2167 2521 non
2207 2457 2354 2539 regi
2397 2457 2674 2522 omnium
2902 2459 2990 2522 25

1861 2580 2245 2646 pravorum,

1865 2697 2120 2764 Gaudet
2162 2717 2236 2763 se
2281 2697 2519 2763 domini

1861 2801 2321 2884 participatum

1862 2910 2115 2986 tenere,
2161 2903 2385 2968 hostes
2430 2902 2572 2987 ejus

1862 3004 2202 3087 perferens
2245 3023 2391 3070 cnm
2432 3005 2565 3069 illo.
2897 3007 2988 3073 30

1731 3193 1793 3256 5.
1858 3189 1955 3255 Tu
2000 3194 2186 3257 nobis
2230 3195 2508 3258 triticum
2523 3240 2542 3276 ,

1863 3293 2273 3379 dispensator
2318 3297 2559 3380 optime
2576 3343 2596 3378 ,

1859 3428 2191 3495 Doctrinae
2236 3431 2476 3496 domini

1860 3531 2192 3615 impertire
2227 3532 2513 3615 jugiter,

1861 3667 2209 3734 Coelestem
2254 3680 2570 3753 quatenus
2896 3678 2988 3740 35

1860 3790 2154 3836 remeare
2200 3773 2479 3856 patriam

1862 3906 2190 3975 Possimus
2235 3911 2711 3978 abundantibus

1865 4012 2178 4077 alimoniis
2191 4063 2209 4097 ,

1730 4203 1791 4265 6.
1856 4199 1910 4264 0
1955 4204 2140 4269 miles
2188 4203 2429 4270 Christi

1857 4309 2197 4389 praecelse.
2897 4310 2986 4375 40

546 4447 670 4503 Hss.
705 4467 776 4504 zu
809 4452 1117 4523 Miinchen,
1172 4455 1307 4512 Glm.
1351 4458 1538 4513 14845.
1586 4456 1624 4514 fi
1660 4461 1746 4516 64.
1783 4478 1885 4517 ans
1923 4462 2048 4517 dem
2088 4468 2154 4520 12
2189 4465 2389 4521 Jahrb.
2447 4468 2560 4536 (A)
2613 4465 2752 4522 Clm.
2793 4465 2991 4519 14322.

368 4527 655 4676 {2523ss
705 4536 900 4692 {gr-h.
950 4541 1079 4611 (Β).
1177 4542 1274 4599 Hs.
1322 4560 1392 4599 zu
1437 4544 1728 4618 Stnttgart
1781 4548 1922 4605 Bibl.
1970 4552 2060 4604 20.
2114 4549 2155 4607 f.
2202 4556 2288 4607 71.
2348 4551 2416 4607 de
2468 4568 2579 4608 uno
2631 4549 2987 4609 confessore.

589 4635 618 4673 r
661 4662 673 4674 .
829 4662 843 4675 .
