3175 5234
1027 704 1201 780 876.
1267 707 1383 784 De
1430 732 1486 782 Β.
1532 706 1994 785 Coi-biniano.

197 934 451 1002 Nobilis
498 934 919 1020 corbiniane,

200 1042 274 1099 tu
318 1034 631 1100 doctrinae
683 1044 864 1102 sator
908 1057 1119 1124 sante,

288 1139 644 1221 gratiarum
688 1142 989 1206 scrinium
1002 1190 1020 1225 ,
1055 1193 1064 1202 .

200 1243 311 1308 dei
352 1244 539 1307 fortis
583 1246 915 1328 agonista,

196 1353 271 1410 ut
313 1343 555 1411 Christi
597 1347 761 1413 Jesu
805 1351 1089 1434 baptista

288 1447 592 1514 dirimens
638 1450 942 1517 affinium.

193 1639 473 1724 Nuptias
514 1641 936 1708 illecebrosas
952 1690 970 1726 ‚

193 1742 324 1808 deo
368 1745 758 1828 sanctisque,
778 1763 1050 1829 exosas,

280 1848 587 1914 lethalem
640 1850 947 1916 invidiam

193 1954 555 2019 meretricis
597 1955 924 2024 incurristi
942 2005 959 2040 ,

191 2055 315 2119 sed
361 2063 427 2119 te
471 2058 580 2139 pia
623 2077 849 2124 manus
896 2057 1140 2148 Christi

281 2159 492 2224 vitare
536 2160 878 2243 perfidiam

191 2348 390 2415 Dedit
430 2349 622 2434 hujus
667 2350 1027 2416 meretricis

193 2452 279 2518 de
324 2453 508 2535 cujus
554 2471 906 2519 excurrens
950 2454 1112 2520 vicis

280 2564 543 2620 strenue
587 2573 930 2639 evaseras,
968 2555 974 2562 “

190 2667 266 2726 ut
307 2658 529 2725 Helias
572 2659 950 2726 Jezabelem

189 2762 553 2846 idolatram,
594 2762 920 2830 infidelem

279 2887 550 2952 gregem
595 2868 704 2932 dei
744 2887 1046 2953 paveras.

186 3056 416 3123 oleum
458 3058 780 3121 ministras
824 3041 1012 3138 vitae,

187 3161 438 3240 vinum,
486 3158 658 3242 quod
704 3158 786 3222 de
835 3178 997 3223 vera
1039 3159 1172 3224 vite

274 3262 569 3347 profluit,
615 3261 932 3347 adjiciens
953 3308 971 3344 ,

184 3382 384 3431 sanos
428 3384 586 3430 sane
630 3362 1128 3451 praeservando,

183 3469 348 3533 mire
393 3470 648 3535 saucios
693 3467 983 3534 sanando

273 3571 543 3653 singulis
587 3569 954 3661 proficiens.

132 3841 146 3851 ·
183 3758 587 3824 catervatim
631 3777 694 3822 a·
718 3764 784 3821 te
828 3759 1034 3839 multi,

180 3863 375 3928 noxis
420 3861 777 3945 grandibus
823 3860 1095 3944 sepulti,

271 3964 528 4030 0000110
574 3963 951 4044 consiliunt,

175 4066 356 4150 pasti
400 4066 640 4150 pabulo
686 4064 998 4129 doctrinae

176 4169 495 4254 praestitae
539 4168 655 4233 tibi
697 4166 937 4231 divinae

268 4268 374 4336 ad.
399 4286 519 4335 sua
561 4268 919 4353 prosiliunt.

176 4460 347 4526 Nam
391 4480 541 4528 eras
586 4417 794 4528 verbe
838 4457 1188 4541 facundus,

177 4562 422 4629 affectu
463 4562 624 4628 nulli
657 4559 984 4658 secundus

227 4665 380 4760 ,pio
426 4674 494 4730 et
535 4664 875 4749 obediens,

299 4794 474 4850 1110110,
508 4796 680 4846 tatem
713 4799 961 4857 nymnen.
1011 4797 1105 4846 m.

1554 967 1795 1032 papam
1828 953 2007 1041 -enim
2052 955 2151 1019 bis
2202 954 2431 1040 adisti,

1555 1069 1685 1117 1100
1731 1056 2030 1138 obtento,
2078 1059 2251 1140 quod
2296 1062 2540 1145 petisti,
2695 1067 2803 1129 -35

1644 1154 1727 1218 ad
1772 1157 1945 1221 ovile
1990 1158 2267 1225 rediens.

1407 1355 1448 1415 5
1552 1339 1680 1409 Ubi
1723 1345 1841 1410 tibi
1883 1349 2348 1415 commendatis

1364 1958 1444 2022 10

1358 2559 1439 2621 15

1350 3759 1433 3821 25

1347 4266 1432 4358 ³0

1547 1445 1941 1512 monimenta
1982 1450 2278 1516 velitatis

1638 1547 1851 1613 cultor
1894 1551 2292 1617 castimoniae
2305 1600 2324 1636 ,

1550 1659 1623 1717 ut
1666 1651 1970 1736 decebat,
2017 1660 2465 1741 proponebas,
2713 1662 2799 1742 Δρ

1548 1754 1719 1820 inter
1764 1773 2093 1841 quospm·
2139 1768 2203 1824 te
2248 1759 2542 1843 degebas

1547 1877 1558 1882 ·
1639 1866 1822 1922 actor
1865 1860 2296 1943 parsimoniae.

1546 2044 1748 2110 Deles
1793 2066 2028 2130 panem
2072 2047 2383 2129 filiorum,

1548 2156 1805 2233 partum
1846 2148 2126 2214 fluxibus
2170 2146 2512 2233 sudorum,

1636 2254 1840 2317 brutis
1884 2252 2029 2318 dari
2071 2253 2372 2335 canibus,
2716 2255 2800 2340 ⁴2⁵

1547 2356 1698 2420 1000
1745 2353 2016 2435 cedens,
2061 2353 2183 2418 sed
2224 2353 2483 2436 redisti,

1547 2459 1717 2522 mitis
1761 2475 1913 2523 reos
1958 2458 2231 2544 arguisti

1633 2564 1856 2628 verbis
1898 2561 2028 2625 ‘non
2073 2562 2387 2627 inanibus.

1541 2750 1644 2818 En
1687 2751 2082 2840 praesagiugu
2124 2750 2443 2834 divinum,

1543 2855 1728 2936 qnasi
1772 2871 1888 2918 001
1931 2852 2211 2918 haberes
2255 2853 2498 2936 binum,
2711 2849 2796 2918 50

1630 2964 1741 3021 100
1786 2955 1965 3020 dedit
2006 2956 2246 3019 0001101

1541 3076 1673 3123 11011
1715 3056 1889 3122 fictae
1934 3055 2357 3140 duplicitatis,

1540 3162 1711 3228 binae
1754 3179 1916 3225 vero
1961 3158 2279 3240 caritatis,

1626 3264 1905 3348 proximi
1948 3269 2017 3327 et
2059 3260 2314 3326 domini.
2380 3280 2389 3288 ·

1531 3450 1703 3521 ‚Cum
1746 3451 2037 3536 pravatis
2082 3449 2321 3516 bellum
2361 3467 2631 3534 gerens,
2705 3451 2790 3516 55

1540 3555 1660 3621 sed
1705 3555 1980 3636 exultas,
2026 3553 2080 3616 si
2125 3553 2269 3635 quis
2310 3572 2593 3619 moerens

1625 3677 1778 3724 reus
1824 3656 1910 3722 ad
1954 3664 2019 3721 te
2063 3656 2355 3739 fugerat,

1539 3758 1876 3825 0110010101
1891 3794 1900 3804 ·
1918 3758 2325 3842 paupertatis
2339 3804 2359 3839 ,

1538 3862 1919 3928 exsufflator
1961 3862 2304 3944 vanitatis,

1627 3988 1804 4035 curae
1848 3968 1963 4034 tibi
2004 3967 2250 4050 fuerat,
2706 3969 2791 4034 60

1537 4155 1803 4241 Fugere
1842 4158 2142 4224 fallacem
2184 4154 2486 4223 mundum
2499 4205 2518 4238 ,

1538 4266 1768 4325 contra
1810 4257 2003 4322 deum
2046 4255 2458 4323 furibundum

1622 4364 1690 4427 10
1733 4363 1836 4427 sui
1877 4361 2260 4447 perniciem;

1538 4467 1647 4549 qui
1691 4479 1823 4531 non
1864 4464 2079 4549 parcit
2121 4465 2480 4548 sanctitati,

1535 4586 1661 4633 000
1702 4567 1916 4647 sexui,
1962 4584 2087 4631 nec
2130 4565 2308 4630 aetati
2326 4613 2344 4648 ,
2703 4572 2789 4635 06

1624 4690 1707 4738 ne
1753 4671 1908 4737 colit
1948 4670 2259 4736 caniciem
2280 4691 2301 4753 ;

2292 4776 2379 4841 1⁷
