3175 5234
2718 262 2861 326 -m

253 443 413 499 Blasi
444 439 675 513 praesul,
710 439 923 494 vivom·
947 437 1261 509 purissime,
1307 481 1312 485 -
1612 439 1769 511 regis
1803 439 2014 496 crimen
2049 440 2252 496 {Caroli
2284 441 2549 511 vocitans,

254 528 461 601 plagas
498 542 706 586 eur-ons
745 525 932 582 caruis
965 529 1026 582 et
1062 524 1288 593 animae,
1606 524 1920 596 impetrate,
1957 541 2082 596 quae
2119 541 2263 581 nuno
2298 543 2420 586 sum
2453 525 2736 601 flagitans,

254 633 292 673 o
328 615 534 688 Aegidi
565 629 693 672 eum
727 611 869 669 feris
905 611 1196 681 babitans,
1609 611 1761 686 apud
1794 611 1973 682 deum,
2010 628 2080 667 ne
2121 611 2227 668 sim
2261 613 2645 684 periclitans·

887 898 1062 973 887.
1114 895 1518 994 'Sequentia
1572 892 1662 966 de
1711 920 1764 966 s.
1821 835 2188 969 Disibodo.

462 1098 517 1164 0
560 1098 803 1183 praesul
832 1113 1012 1162 verae
1043 1097 1350 1179 civitatis,
1413 1097 1520 1178 qui
1565 1096 1630 1161 in
1677 1096 1918 1180 templo
1965 1098 2295 1179 angularis
2338 1099 2575 1185 lapidis
2622 1117 2852 1165 aseen-

253 1204 420 1270 dens
466 1203 531 1267 in
577 1202 808 1267 coelum
852 1202 918 1268 in
964 1209 1143 1265 terra
1188 1207 1553 1283 prostratus
1598 1199 1774 1263 fuisti
1817 1206 2090 1283 propter
2137 1203 2343 1268 deum.

465 1305 560 1370 Tu
619 1304 1007 1388 peregrinus
1062 1323 1102 1367 a
1165 1303 1407 1367 semine
1460 1300 1680 1368 mundi
1736 1301 2119 1368 desiderasti
2177 1306 2327 1371 exul
2386 1305 2527 1370 fieri
2580 1312 2856 1392 propter

251 1428 540 1475 amorem
586 1408 841 1474 Christi.
2890 1404 2895 1409 ’

464 1511 517 1576 0
563 1529 746 1576 mons
790 1511 1031 1576 elausae
1075 1509 1341 1592 mentis,
1398 1516 1471 1575 tu
1514 1509 1776 1575 assidue
1820 1510 2112 1594 pulcram
2160 1512 2391 1577 faeiem
2438 1512 2748 1596 aperuisti
2791 1511 2856 1575 in

255 1614 527 1698 speculo
574 1612 905 1680 columbae.
1443 1635 1453 1644 ·

464 1716 560 1782 Tu
601 1716 668 1780 in
714 1717 1036 1781 absconso
1079 1714 1328 1779 latuisti
1369 1715 1724 1782 inebriatus
1769 1715 1972 1781 odore
2009 1715 2234 1780 florum
2256 1764 2274 1797 ,
2363 1736 2485 1801 per
2528 1718 2856 1784 cancellos

249 1827 625 1886 sanctorum
671 1820 953 1885 emioans
1000 1817 1143 1883 deo.

465 1920 518 1985 Ο
579 1921 831 1988 eulmen
894 1921 959 1985 in
1012 1919 1303 1986 clavibus
1358 1920 1541 2001 ooeli,
1621 1918 1795 2002 quod
1855 1929 2129 2005 propter
2180 1922 2593 2005 perspiouam
2654 1922 2856 1988 vitan

256 2025 557 2091 mundum
600 2022 981 2105 vendidisti,
1026 2023 1155 2089 boo
1199 2029 1523 2090 certamen
1546 2071 1562 2104 ‚
1613 2023 1778 2087 alme
1825 2023 2191 2107 concessor,
2234 2042 2497 2108 semper
2540 2024 2747 2092 habes
2790 2025 2857 2094 in

254 2129 532 2195 domino.
2228 2177 2235 2182 .

461 2231 535 2297 In
582 2241 692 2296 tua
736 2230 901 2294 enim
947 2234 1160 2293 mente
1205 2228 1352 2292 sons
1395 2228 1585 2293 vivus
1628 2228 1984 2293 clarissima
2018 2228 2163 2294 luee
2201 2230 2579 2312 purissimos
2608 2231 2855 2296 rivulos

249 2335 480 2402 eduxit
522 2355 643 2419 per
686 2335 858 2398 viam
901 2332 1145 2400 salutis

464 2437 561 2503 Tu
603 2456 841 2520 magna
885 2435 1078 2500 turris
1124 2443 1276 2500 ante
1324 2434 1530 2500 altare
1576 2435 1805 2499 summi
1853 2433 1958 2499 dei
2007 2442 2075 2500 et
2117 2435 2312 2564 bajus
2360 2437 2557 2501 turris
2602 2437 2856 2503 eulmen

260 2542 657 2607 obumbrasti
701 2560 822 2625 per
864 2542 1103 2606 fumum
1148 2547 1523 2604 aromatum.

345 2702 350 2706 .
466 2643 521 2709 0
568 2643 911 2727 Disibode‚
970 2646 1036 2707 in
1082 2652 1192 2709 tuo
1238 2643 1473 2708 lumine
1517 2661 1643 2727 per
1688 2644 1987 2728 exempla
2030 2645 2178 2726 puri
2223 2643 2368 2708 soni
2408 2646 2697 2710 membra
2737 2643 2857 2707 mi·

257 2750 461 2814 rificae
504 2747 715 2814 laudis
762 2747 1102 2814 aedifieasti
1145 2749 1210 2812 in
1258 2745 1507 2812 duabus
1551 2747 1844 2828 partibus
1888 2767 2011 2830 per
2054 2747 2253 2812 filium
2296 2748 2587 2814 hominis.

464 2850 538 2916 Ῑιι
586 2852 719 2915 alto
757 2858 892 2915 stas
938 2868 1066 2915 non
1109 2852 1502 2938 erubescens
1545 2856 1698 2912 ante
1744 2848 1933 2913 deum
1962 2850 2179 2913 vivum
2225 2858 2293 2914 et
2327 2852 2624 2934 protegis
2667 2848 2860 2913 viridi

253 2973 410 3020 rore
453 2955 793 3021 laudantes
840 2955 1029 3018 deum
1073 2952 1198 3017 ista
1242 2969 1425 3016 voce.

468 3056 521 3121 0
566 3057 773 3123 duleis
817 3057 953 3119 vita
996 3063 1062 3120 et
1109 3073 1149 3120 o
1191 3058 1389 3119 beata
1430 3055 1955 3138 perseverentia,
2018 3072 2165 3135 quae
2217 3054 2281 3117 in
2330 3054 2460 3120 hoo
2500 3055 2697 3119 beato
2743 3049 2857 3118 Di-

247 3139 487 3227 sibodo
531 3160 887 3244 gloriosum
930 3159 1143 3223 lumen
1188 3175 1444 3242 semper
1488 3155 1827 3220 aedificasti
1868 3157 1935 3220 in
1980 3156 2229 3221 eoelesti
2273 3155 2657 3222 Jerusalem.

464 3264 654 3330 Nune
697 3263 782 3327 sit
824 3262 967 3327 laus
1012 3260 1139 3326 deo
1183 3262 1249 3325 in
1301 3261 1508 3326 forma
1556 3258 1808 3343 pulorae
1863 3267 2152 3323 tonsurae
2194 3259 2469 3323 viriliter
2524 3265 2858 3343 operante.

466 3366 554 3433 Et
589 3367 853 3452 superni
898 3365 1079 3430 cives
1124 3364 1455 3448 gaudeant
1500 3362 1582 3426 de
1629 3362 1759 3444 his,
1806 3363 1919 3444 qui
1956 3379 2071 3426 eos
2117 3362 2243 3428 boo
2283 3361 2477 3428 modo
2515 3362 2857 3426 imitantur.

438 3499 535 3554 Hs.
585 3515 656 3558 zu
689 3498 1004 3556 Wisbaden
1024 3538 1040 3568 ‚
1104 3499 1174 3552 12
1205 3496 1404 3554 Jahrb.
1468 3496 1570 3549 mit
1617 3492 1717 3548 der
1763 3492 2021 3549 melodie.
2068 3493 2262 3550 stent
2307 3506 2399 3548 am
2442 3489 2713 3550 Schlnm
2760 3489 2862 3547 der

263 3584 493 3667 Werke·
519 3586 621 3641 der
656 3586 708 3641 h.
744 3585 1046 3657 Hildegart
1081 3583 1196 3640 und
1229 3583 1306 3639 ist
1342 3580 1821 3638 wabrscheinlieh
1857 3597 1972 3636 von
2008 3579 2097 3636 ihr
2134 3578 2395 3636 versasst.

816 3870 991 3944 sss.
1057 3869 1146 3941 ln
1186 3868 1368 3942 {esto
1422 3865 1494 3942 h.
1545 3863 1923 3940 Dominici.
1983 3817 2304 3965 hymsus.

255 4073 582 4158 Hymnum
624 4091 818 4139 novae
861 4071 1108 4138 laetitiae
1611 4078 1679 4136 et
1720 4070 1959 4135 clausis
2002 4068 2215 4153 eulpae
2259 4085 2528 4134 earcere

259 4179 440 4244 dulei
478 4178 862 4263 productum
907 4178 1161 4243 cantico
1610 4189 1836 4257 praeeo
1873 4170 2101 4236 salutis
2145 4169 2430 4234 mittitur.

254 4291 483 4349 noster
526 4282 866 4366 depromat
915 4278 1109 4346 hodie

258 4384 499 4451 chorus
543 4390 770 4449 ganum
814 4382 1163 4449 Dominioo·
1611 4327 1986 4395 Doctrinam
2038 4319 2484 4406 evangelicam

1614 4448 1935 4516 spargens
1976 4448 2100 4513 per
2143 4427 2319 4493 orbis
2365 4423 2693 4492 cardinem
2777 4425 2858 4490 10

265 4538 566 4620 Ver-qam
608 4537 826 4602 mundi
867 4552 1120 4619 vespere
1467 4534 1506 4595 5
1612 4542 1865 4618 pestem
1907 4530 2093 4615 fugat
2135 4529 2508 4596 haereticam
2522 4576 2541 4612 ‚

194 4704 198 4708 .
253 4659 496 4709 novum
537 4640 716 4709 sidus
760 4641 1082 4723 exoritur,
1611 4651 1850 4701 novum
1892 4632 2266 4721 producens
2310 4631 2621 4700 ordinem.
