3175 5234
741 722 915 795 963.
993 720 1380 821 Sequentia
1434 721 1524 795 de
1566 747 1630 795 s.
1683 677 2095 823 Gan-peno.

100 959 372 1026 Sursum
417 958 620 1025 corda
664 903 1048 1043 dirigamus,

97 1070 171 1128 ut
213 1080 434 1128 amore
478 1061 848 1126 ferveamus

97 1165 264 1232 Jesu
309 1162 550 1230 Christi
595 1162 852 1230 domini.

97 1352 341 1419 Christi
385 1372 643 1438 semper
688 1354 754 1418 in
788 1353 1036 1422 bonore

95 1458 338 1542 psallat
379 1463 627 1539 mente,
671 1456 911 1540 psallat
955 1474 1102 1538 ore,
1309 1458 1348 1518 5

94 1562 210 1644 qui
252 1558 611 1627 concordat
646 1560 901 1628 nomini.

91 1752 248 1835 Ipse
291 1751 434 1816 laus
478 1759 582 1816 est
625 1751 1038 1833 angelorum,

91 1855 241 1939 ipse
285 1854 461 1918 salus
507 1856 886 1937 electorum,

91 1958 241 2042 ipse
285 1976 439 2042 spes
483 1965 551 2022 et
592 1957 821 2039 gloria.

92 2143 361 2213 Laudes
406 2162 570 2229 ergo
618 2144 966 2209 salvatoris
1269 2141 1348 2207 10

91 2247 159 2313 in
206 2246 544 2331 Gumperti
587 2245 979 2312 confessoris

93 2353 442 2437 pangimus
487 2352 810 2417 memoria.

93 2542 218 2609 nlo
266 2540 391 2605 deo
437 2540 763 2621 militavit,

95 2646 260 2711 vicit
302 2643 633 2728 mundum,
676 2644 1096 2730 triumphavit

93 2749 444 2816 debellatis
489 2747 799 2815 hostibus.
869 2801 875 2808 .
1266 2748 1345 2810 15

88 2942 331 3008 Hostes
377 2948 565 3004 erant
611 2940 824 3005 carnis
870 2947 1109 3022 motus,

90 3044 327 3125 quibus
371 3039 499 3106 deo
545 3042 648 3105 vir
691 3039 966 3105 devotus
1065 3079 1072 3084 -

89 3145 331 3210 restitit
372 3144 774 3212 instantibus.

88 3332 259 3400 Cum
304 3332 388 3397 ad
431 3331 624 3398 fidem
669 3331 1069 3417 traheretur,

85 3459 172 3503 ne
222 3458 264 3503 a
307 3436 438 3502 fide
476 3437 837 3521 laberetur,
1257 3440 1344 3504 20

84 3542 341 3607 domuit
380 3543 685 3608 carnalia.

82 3730 493 3796 Festinando
540 3731 626 3797 ad
668 3733 942 3798 salutem

84 3834 175 3898 de
224 3835 463 3899 virtute
506 3836 573 3898 in
621 3836 920 3900 virtutem

83 3936 316 4021 posuit
357 3936 653 4019 vestigia.

270 4133 390 4188 Aua
443 4135 888 4205 geschriebenen
933 4137 1216 4196 Zusatzeu
1261 4139 1318 4194 in
1366 4139 1489 4195 dem
1534 4140 1930 4212 Wiirzburger
1956 4138 2259 4196 Bessbucb
2302 4153 2419 4193 von
2456 4137 2597 4194 1484
2642 4134 2700 4194 in
2745 4137 2753 4144 ’

1455 911 1666 1025 Homo
1711 962 1867 1027 vitae
1911 962 2289 1046 singularis,
2621 965 2706 1032 25

1454 1061 1814 1147 disciplinae
1857 1064 2158 1130 salutaris
2468 1101 2474 1108 ·

1453 1170 1562 1229 est
1605 1164 1881 1247 adeptus
1924 1167 2218 1248 gratiam.

1452 1350 1635 1417 Vixit
1677 1358 1888 1454 caste,
1932 1352 2098 1417 vixit
2137 1354 2247 1438 pie

1455 1474 1666 1521 sacrae
1710 1455 1944 1540 virgini
1989 1455 2221 1522 Mariae

1455 1566 1838 1623 construens
1884 1558 2243 1624 ecclesiam.
2618 1560 2703 1625 30

1453 1746 1748 1813 Kilianus
1792 1749 2133 1814 seminavit
2148 1797 2185 1850 ,⁶
2333 1835 2339 1842 Ι

1455 1849 1633 1932 quod
1677 1847 2092 1914 Burcbardus
2138 1849 2463 1935 irrigavit,

1453 1951 1628 2035 quod
1674 1950 2064 2036 Gumpertus
2109 1954 2389 2018 messuit.

1451 2142 1691 2209 Semen
1736 2152 1879 2209 erat
1921 2145 2193 2210 verbum
2236 2143 2373 2226 dei,

1452 2248 1684 2314 messis
1727 2247 1975 2312 fructus
2020 2255 2267 2314 sanctae
2309 2247 2484 2332 spei,
2616 2249 2699 2314 35

1453 2370 1581 2435 qua
1627 2349 2014 2435 Gumpertus
2058 2351 2282 2436 viguit.

1453 2542 1505 2608 0
1553 2540 1942 2627 Gumperte,
1989 2520 2417 2626 suffragator,

1451 2657 1598 2714 esto
1642 2647 1829 2715 nobis
1873 2648 2274 2748 consolator,

1451 2753 1726 2818 subveni
1771 2752 2214 2818 clamantibus.

1450 2939 1562 3006 Ad
1609 2947 1882 3025 peccata
1930 2939 2307 3006 redimenda
2616 2938 2700 3003 40

1449 3052 1564 3108 tuo
1610 3043 1754 3126 regi
1795 3059 1917 3107 nos
1961 3041 2339 3106 commenda

1450 3146 1695 3215 meritis
1741 3154 1809 3211 et
1850 3145 2171 3230 precibus.

1446 3335 1661 3417 Audi,
1704 3335 1896 3417 Jesu,
1942 3336 2410 3419 supplicantes,

1448 3438 1604 3505 audi
1659 3446 1788 3504 tuae
1832 3436 2237 3521 postulantes

1449 3544 1596 3628 opis
1641 3540 2060 3621 adminicula,
2613 3540 2698 3602 45

1449 3729 1537 3797 Et
1579 3730 1878 3817 placatus
1922 3729 2022 3794 bis
2064 3729 2358 3828 patronis

1451 3835 1536 3901 ad
1581 3855 1884 3920 supernae
1928 3837 2196 3900 visionis

1450 3939 1580 4005 due
1623 3956 1747 4004 nos
1788 3938 2171 4006 habitacula.

80 4220 352 4292 dortiger
398 4221 740 4278 Bibliotbek.
811 4223 1080 4296 Gumpert
1126 4241 1251 4282 war
1303 4225 1402 4282 der
1453 4227 1672 4284 Patron
1719 4227 1821 4284 der
1871 4223 2237 4283 Stiftskircbe
2293 4242 2367 4279 zu
2416 4222 2698 4292 Ansbach,

83 4304 290 4364 wofur
325 4307 508 4364 dieses
530 4309 682 4364 Lied
717 4313 992 4382 gemacht
1013 4313 1224 4368 warde.

271 4450 306 4501 3
341 4448 519 4518 hiesu,
555 4449 652 4505 Hs.
721 4453 794 4506 32
829 4454 1116 4524 erogavit,
1150 4455 1246 4512 Hs.
1317 4456 1385 4512 41
1426 4453 1624 4510 besser
1658 4456 1786 4511 tuis.
1858 4453 1928 4510 45
1964 4452 2180 4509 ammin.
2217 4452 2315 4510 ns.

273 4586 342 4643 V.
377 4588 428 4643 6.
481 4589 630 4644 Wer
664 4590 785 4645 sich
819 4591 982 4645 einen
1017 4593 1278 4650 Christeu
1313 4597 1499 4649 neunt.

271 4673 336 4728 V.
372 4676 459 4733 47.
506 4693 749 4749 superna
783 4678 950 4749 visio,
986 4680 1092 4736 das
1124 4680 1468 4736 bimmlische
1503 4679 1834 4739 Jerusalem.
1900 4679 2005 4737 No.
2028 4681 2165 4751 -950,
2201 4682 2286 4738 ss.
2362 4733 2369 4742 ,
