<?xml version="1.0" encoding="UTF-8"?>
<!DOCTYPE html PUBLIC "-//W3C//DTD XHTML 1.0 Transitional//EN"
    "http://www.w3.org/TR/xhtml1/DTD/xhtml1-transitional.dtd">
<html xmlns="http://www.w3.org/1999/xhtml" xml:lang="en" lang="en">
 <head>
  <title>
</title>
<meta http-equiv="Content-Type" content="text/html;charset=utf-8" />
  <meta name='ocr-system' content='tesseract 3.04.00' />
  <meta name='ocr-capabilities' content='ocr_page ocr_carea ocr_par ocr_line ocrx_word'/>
</head>
<body>
  <div class='ocr_page' id='page_1' title='image "./lateinischehymn04monegoog_0240.png"; bbox 0 0 3175 5234; ppageno 0'>
   <div class='ocr_carea' id='block_1_1' title="bbox 405 309 540 377">
    <p class='ocr_par' dir='ltr' id='par_1_1' title="bbox 405 309 540 377">
     <span class='ocr_line' id='line_1_1' title="bbox 405 309 540 377; baseline 0 -2"><span class='ocrx_word' id='word_1_1' title='bbox 405 309 540 377; x_wconf 63' lang='lat'><strong>‘1⁸8</strong></span> 
     </span>
    </p>
   </div>
   <div class='ocr_carea' id='block_1_2' title="bbox 404 494 3024 1386">
    <p class='ocr_par' dir='ltr' id='par_1_2' title="bbox 404 494 2659 580">
     <span class='ocr_line' id='line_1_2' title="bbox 404 494 2659 580; baseline -0 -16"><span class='ocrx_word' id='word_1_2' title='bbox 404 496 625 566; x_wconf 83' lang='lat' dir='ltr'><strong>Annae</strong></span> <span class='ocrx_word' id='word_1_3' title='bbox 667 496 896 562; x_wconf 84' lang='lat' dir='ltr'><strong>laudes</strong></span> <span class='ocrx_word' id='word_1_4' title='bbox 935 494 1346 580; x_wconf 86' lang='lat' dir='ltr'><strong>persolvere,</strong></span> <span class='ocrx_word' id='word_1_5' title='bbox 1764 494 1963 562; x_wconf 90' lang='lat' dir='ltr'><strong>Anna</strong></span> <span class='ocrx_word' id='word_1_6' title='bbox 2008 503 2266 578; x_wconf 84' lang='lat' dir='ltr'><strong>sancta,</strong></span> <span class='ocrx_word' id='word_1_7' title='bbox 2312 497 2419 563; x_wconf 70' lang='lat' dir='ltr'><strong>fac</strong></span> <span class='ocrx_word' id='word_1_8' title='bbox 2462 496 2659 563; x_wconf 86' lang='lat' dir='ltr'><strong>filiam</strong></span> 
     </span>
    </p>

    <p class='ocr_par' dir='ltr' id='par_1_3' title="bbox 407 599 2603 684">
     <span class='ocr_line' id='line_1_3' title="bbox 407 599 2603 684; baseline -0.001 -18"><span class='ocrx_word' id='word_1_9' title='bbox 407 601 599 669; x_wconf 91' lang='lat' dir='ltr'><strong>dulce</strong></span> <span class='ocrx_word' id='word_1_10' title='bbox 643 601 848 666; x_wconf 90' lang='lat' dir='ltr'><strong>melos</strong></span> <span class='ocrx_word' id='word_1_11' title='bbox 893 599 1279 683; x_wconf 77' lang='lat' dir='ltr'>depromere</span> <span class='ocrx_word' id='word_1_12' title='bbox 1766 607 1942 664; x_wconf 87' lang='lat' dir='ltr'><strong>tuam</strong></span> <span class='ocrx_word' id='word_1_13' title='bbox 1987 601 2175 665; x_wconf 88' lang='lat' dir='ltr'><strong>nobis</strong></span> <span class='ocrx_word' id='word_1_14' title='bbox 2221 601 2603 684; x_wconf 72' lang='lat' dir='ltr'><strong>propitiam,</strong></span> 
     </span>
    </p>

    <p class='ocr_par' dir='ltr' id='par_1_4' title="bbox 405 704 2571 791">
     <span class='ocr_line' id='line_1_4' title="bbox 405 704 2571 791; baseline 0 -21"><span class='ocrx_word' id='word_1_15' title='bbox 405 708 554 791; x_wconf 76' lang='lat' dir='ltr'><strong>pro</strong></span> <span class='ocrx_word' id='word_1_16' title='bbox 581 713 760 771; x_wconf 83' lang='lat' dir='ltr'><strong>tanto</strong></span> <span class='ocrx_word' id='word_1_17' title='bbox 807 704 996 769; x_wconf 89' lang='lat' dir='ltr'><strong>decet</strong></span> <span class='ocrx_word' id='word_1_18' title='bbox 1039 724 1334 786; x_wconf 89' lang='lat' dir='ltr'><strong>munere,</strong></span> <span class='ocrx_word' id='word_1_19' title='bbox 1578 704 1655 765; x_wconf 89' lang='lat'><strong>15</strong></span> <span class='ocrx_word' id='word_1_20' title='bbox 1765 711 1837 768; x_wconf 83' lang='lat' dir='ltr'><strong>ut</strong></span> <span class='ocrx_word' id='word_1_21' title='bbox 1879 704 2082 786; x_wconf 78' lang='lat' dir='ltr'><strong>ipsius</strong></span> <span class='ocrx_word' id='word_1_22' title='bbox 2125 725 2247 788; x_wconf 90' lang='lat' dir='ltr'><strong>per</strong></span> <span class='ocrx_word' id='word_1_23' title='bbox 2290 705 2571 787; x_wconf 76' lang='lat' dir='ltr'><strong>gratiam</strong></span> 
     </span>
    </p>

    <p class='ocr_par' dir='ltr' id='par_1_5' title="bbox 408 804 2624 890">
     <span class='ocr_line' id='line_1_5' title="bbox 408 804 2624 890; baseline -0 -18"><span class='ocrx_word' id='word_1_24' title='bbox 408 808 582 890; x_wconf 88' lang='lat' dir='ltr'><strong>quod</strong></span> <span class='ocrx_word' id='word_1_25' title='bbox 620 807 850 872; x_wconf 89' lang='lat' dir='ltr'><strong>meruit</strong></span> <span class='ocrx_word' id='word_1_26' title='bbox 895 807 1040 870; x_wconf 85' lang='lat' dir='ltr'><strong>haec</strong></span> <span class='ocrx_word' id='word_1_27' title='bbox 1085 807 1376 888; x_wconf 79' lang='lat' dir='ltr'><strong>gignere.</strong></span> <span class='ocrx_word' id='word_1_28' title='bbox 1764 804 2154 869; x_wconf 85' lang='lat' dir='ltr'><strong>reducamur</strong></span> <span class='ocrx_word' id='word_1_29' title='bbox 2198 804 2283 869; x_wconf 88' lang='lat' dir='ltr'><strong>ad</strong></span> <span class='ocrx_word' id='word_1_30' title='bbox 2328 808 2624 888; x_wconf 88' lang='lat' dir='ltr'><strong>patriam.</strong></span> 
     </span>
    </p>

    <p class='ocr_par' dir='ltr' id='par_1_6' title="bbox 404 989 3024 1179">
     <span class='ocr_line' id='line_1_6' title="bbox 404 989 3024 1079; baseline 0 -20"><span class='ocrx_word' id='word_1_31' title='bbox 404 990 622 1059; x_wconf 77' lang='lat' dir='ltr'><strong>Annae</strong></span> <span class='ocrx_word' id='word_1_32' title='bbox 667 1006 890 1058; x_wconf 88' lang='lat' dir='ltr'><strong>omnes</strong></span> <span class='ocrx_word' id='word_1_33' title='bbox 936 995 1347 1079; x_wconf 79' lang='lat' dir='ltr'><strong>applaudite,</strong></span> <span class='ocrx_word' id='word_1_34' title='bbox 1767 989 1963 1057; x_wconf 87' lang='lat' dir='ltr'><strong>Almo</strong></span> <span class='ocrx_word' id='word_1_35' title='bbox 2007 994 2180 1076; x_wconf 86' lang='lat' dir='ltr'><strong>patri</strong></span> <span class='ocrx_word' id='word_1_36' title='bbox 2226 995 2311 1058; x_wconf 89' lang='lat' dir='ltr'><strong>sit</strong></span> <span class='ocrx_word' id='word_1_37' title='bbox 2353 995 2596 1078; x_wconf 82' lang='lat' dir='ltr'><strong>gloria,</strong></span> <span class='ocrx_word' id='word_1_38' title='bbox 2936 997 3024 1060; x_wconf 82' lang='lat'><strong>25</strong></span> 
     </span>
     <span class='ocr_line' id='line_1_7' title="bbox 404 1095 2459 1179; baseline -0 -20"><span class='ocrx_word' id='word_1_39' title='bbox 404 1115 529 1160; x_wconf 79' lang='lat' dir='ltr'><strong>vos</strong></span> <span class='ocrx_word' id='word_1_40' title='bbox 573 1097 803 1163; x_wconf 86' lang='lat' dir='ltr'><strong>flentes</strong></span> <span class='ocrx_word' id='word_1_41' title='bbox 853 1099 1200 1179; x_wconf 84' lang='lat' dir='ltr'><strong>concinite,</strong></span> <span class='ocrx_word' id='word_1_42' title='bbox 1768 1095 1910 1176; x_wconf 84' lang='lat' dir='ltr'><strong>ejus</strong></span> <span class='ocrx_word' id='word_1_43' title='bbox 1956 1105 2108 1158; x_wconf 89' lang='lat' dir='ltr'><strong>nato</strong></span> <span class='ocrx_word' id='word_1_44' title='bbox 2153 1096 2459 1179; x_wconf 84' lang='lat' dir='ltr'><strong>victoria,</strong></span> 
     </span>
    </p>

    <p class='ocr_par' dir='ltr' id='par_1_7' title="bbox 407 1198 2405 1286">
     <span class='ocr_line' id='line_1_8' title="bbox 407 1198 2405 1286; baseline 0.001 -24"><span class='ocrx_word' id='word_1_45' title='bbox 407 1217 611 1265; x_wconf 79' lang='lat' dir='ltr'><strong>voce-s</strong></span> <span class='ocrx_word' id='word_1_46' title='bbox 658 1203 721 1265; x_wconf 91' lang='lat' dir='ltr'><strong>in</strong></span> <span class='ocrx_word' id='word_1_47' title='bbox 769 1203 964 1266; x_wconf 79' lang='lat' dir='ltr'><strong>altum</strong></span> <span class='ocrx_word' id='word_1_48' title='bbox 1010 1203 1268 1286; x_wconf 88' lang='lat' dir='ltr'><strong>pellite,</strong></span> <span class='ocrx_word' id='word_1_49' title='bbox 1766 1198 2018 1281; x_wconf 84' lang='lat' dir='ltr'><strong>spiritui</strong></span> <span class='ocrx_word' id='word_1_50' title='bbox 2062 1199 2144 1262; x_wconf 88' lang='lat' dir='ltr'><strong>sit</strong></span> <span class='ocrx_word' id='word_1_51' title='bbox 2190 1200 2405 1280; x_wconf 82' lang='lat' dir='ltr'><strong>gratia</strong></span> 
     </span>
    </p>

    <p class='ocr_par' dir='ltr' id='par_1_8' title="bbox 406 1301 2620 1386">
     <span class='ocr_line' id='line_1_9' title="bbox 406 1301 2620 1386; baseline 0 -21"><span class='ocrx_word' id='word_1_52' title='bbox 406 1309 633 1385; x_wconf 84' lang='lat' dir='ltr'><strong>grates</strong></span> <span class='ocrx_word' id='word_1_53' title='bbox 681 1304 742 1366; x_wconf 92' lang='lat' dir='ltr'><strong>ei</strong></span> <span class='ocrx_word' id='word_1_54' title='bbox 778 1302 1154 1386; x_wconf 86' lang='lat' dir='ltr'><strong>impendite.</strong></span> <span class='ocrx_word' id='word_1_55' title='bbox 1576 1301 1661 1365; x_wconf 87' lang='grc'><strong>20</strong></span> <span class='ocrx_word' id='word_1_56' title='bbox 1764 1321 1889 1384; x_wconf 89' lang='lat' dir='ltr'><strong>per</strong></span> <span class='ocrx_word' id='word_1_57' title='bbox 1931 1302 2317 1366; x_wconf 72' lang='lat' dir='ltr'><strong>saeculorum</strong></span> <span class='ocrx_word' id='word_1_58' title='bbox 2361 1304 2620 1368; x_wconf 81' lang='lat' dir='ltr'><strong>saeoula.</strong></span> 
     </span>
    </p>
   </div>
   <div class='ocr_carea' id='block_1_3' title="bbox 405 1483 3031 1729">
    <p class='ocr_par' dir='ltr' id='par_1_9' title="bbox 405 1483 3031 1729">
     <span class='ocr_line' id='line_1_10' title="bbox 593 1483 3031 1557; baseline 0.001 -17"><span class='ocrx_word' id='word_1_59' title='bbox 593 1486 686 1540; x_wconf 77' lang='lat' dir='ltr'><strong>Hs,</strong></span> <span class='ocrx_word' id='word_1_60' title='bbox 724 1504 794 1541; x_wconf 86' lang='lat' dir='ltr'><strong>zu</strong></span> <span class='ocrx_word' id='word_1_61' title='bbox 832 1486 891 1540; x_wconf 89' lang='lat' dir='ltr'><strong>S.</strong></span> <span class='ocrx_word' id='word_1_62' title='bbox 931 1485 1072 1541; x_wconf 84' lang='lat' dir='ltr'><strong>Paul</strong></span> <span class='ocrx_word' id='word_1_63' title='bbox 1111 1487 1168 1540; x_wconf 90' lang='lat' dir='ltr'><strong>in</strong></span> <span class='ocrx_word' id='word_1_64' title='bbox 1206 1486 1457 1541; x_wconf 73' lang='lat' dir='ltr'><strong>Kiirnten</strong></span> <span class='ocrx_word' id='word_1_65' title='bbox 1495 1486 1602 1540; x_wconf 90' lang='lat' dir='ltr'><strong>No.</strong></span> <span class='ocrx_word' id='word_1_66' title='bbox 1647 1487 1737 1555; x_wconf 60' lang='grc' dir='ltr'><strong>13.ι</strong></span> <span class='ocrx_word' id='word_1_67' title='bbox 1767 1483 1807 1539; x_wconf 79' lang='lat' dir='ltr'><strong>f.</strong></span> <span class='ocrx_word' id='word_1_68' title='bbox 1837 1486 1922 1539; x_wconf 80' lang='lat'><strong>99.</strong></span> <span class='ocrx_word' id='word_1_69' title='bbox 1963 1486 2061 1540; x_wconf 88' lang='lat' dir='ltr'><strong>des</strong></span> <span class='ocrx_word' id='word_1_70' title='bbox 2102 1488 2166 1540; x_wconf 85' lang='lat'><strong>15</strong></span> <span class='ocrx_word' id='word_1_71' title='bbox 2194 1487 2391 1542; x_wconf 79' lang='lat' dir='ltr'><strong>Jahrh.</strong></span> <span class='ocrx_word' id='word_1_72' title='bbox 2462 1486 2602 1543; x_wconf 80' lang='lat' dir='ltr'><strong>Jede</strong></span> <span class='ocrx_word' id='word_1_73' title='bbox 2639 1486 2889 1557; x_wconf 82' lang='lat' dir='ltr'><strong>Strophe</strong></span> <span class='ocrx_word' id='word_1_74' title='bbox 2926 1487 3031 1543; x_wconf 86' lang='lat' dir='ltr'><strong>be-</strong></span> 
     </span>
     <span class='ocr_line' id='line_1_11' title="bbox 405 1571 3024 1644; baseline 0.001 -17"><span class='ocrx_word' id='word_1_75' title='bbox 405 1572 568 1644; x_wconf 73' lang='lat' dir='ltr'><strong>ginnt</strong></span> <span class='ocrx_word' id='word_1_76' title='bbox 623 1573 722 1627; x_wconf 88' lang='lat' dir='ltr'><strong>mit</strong></span> <span class='ocrx_word' id='word_1_77' title='bbox 779 1574 957 1629; x_wconf 86' lang='lat' dir='ltr'><strong>einem</strong></span> <span class='ocrx_word' id='word_1_78' title='bbox 1005 1574 1083 1641; x_wconf 83' lang='lat' dir='ltr'><strong>A,</strong></span> <span class='ocrx_word' id='word_1_79' title='bbox 1138 1572 1261 1627; x_wconf 88' lang='lat' dir='ltr'><strong>und.</strong></span> <span class='ocrx_word' id='word_1_80' title='bbox 1300 1575 1337 1627; x_wconf 74' lang='lat'><strong>4</strong></span> <span class='ocrx_word' id='word_1_81' title='bbox 1389 1571 1491 1627; x_wconf 85' lang='lat' dir='ltr'><strong>mit</strong></span> <span class='ocrx_word' id='word_1_82' title='bbox 1542 1574 1739 1641; x_wconf 77' lang='lat' dir='ltr'><strong>Anna,</strong></span> <span class='ocrx_word' id='word_1_83' title='bbox 1809 1572 2098 1628; x_wconf 82' lang='lat' dir='ltr'><strong>vielleicht</strong></span> <span class='ocrx_word' id='word_1_84' title='bbox 2145 1574 2222 1629; x_wconf 78' lang='lat' dir='ltr'><strong>ist</strong></span> <span class='ocrx_word' id='word_1_85' title='bbox 2254 1574 2431 1630; x_wconf 79' lang='lat' dir='ltr'><strong>daher</strong></span> <span class='ocrx_word' id='word_1_86' title='bbox 2469 1574 2686 1633; x_wconf 73' lang='lat' dir='ltr'><strong>auehi</strong></span> <span class='ocrx_word' id='word_1_87' title='bbox 2725 1575 2839 1630; x_wconf 89' lang='lat' dir='ltr'><strong>und</strong></span> <span class='ocrx_word' id='word_1_88' title='bbox 2874 1576 2907 1631; x_wconf 83' lang='lat'>5</span> <span class='ocrx_word' id='word_1_89' title='bbox 2944 1592 3024 1630; x_wconf 76' lang='lat' dir='ltr'><strong>zu</strong></span> 
     </span>
     <span class='ocr_line' id='line_1_12' title="bbox 405 1656 1634 1729; baseline -0.002 -16"><span class='ocrx_word' id='word_1_90' title='bbox 405 1659 590 1714; x_wconf 81' lang='lat' dir='ltr'><strong>lesen:</strong></span> <span class='ocrx_word' id='word_1_91' title='bbox 628 1662 805 1715; x_wconf 73' lang='lat' dir='ltr'><strong>Annae</strong></span> <span class='ocrx_word' id='word_1_92' title='bbox 842 1666 1054 1729; x_wconf 82' lang='lat' dir='ltr'><strong>assunt,</strong></span> <span class='ocrx_word' id='word_1_93' title='bbox 1092 1660 1204 1716; x_wconf 88' lang='lat' dir='ltr'><strong>und</strong></span> <span class='ocrx_word' id='word_1_94' title='bbox 1239 1661 1417 1718; x_wconf 78' lang='lat' dir='ltr'><strong>Annae</strong></span> <span class='ocrx_word' id='word_1_95' title='bbox 1454 1656 1634 1713; x_wconf 58' lang='lat' dir='ltr'><strong>airus.</strong></span> 
     </span>
    </p>
   </div>
   <div class='ocr_carea' id='block_1_4' title="bbox 580 1779 3031 1855">
    <p class='ocr_par' dir='ltr' id='par_1_10' title="bbox 580 1779 3031 1855">
     <span class='ocr_line' id='line_1_13' title="bbox 580 1779 3031 1855; baseline -0 -16"><span class='ocrx_word' id='word_1_96' title='bbox 580 1786 616 1839; x_wconf 86' lang='grc'>3</span> <span class='ocrx_word' id='word_1_97' title='bbox 653 1784 767 1852; x_wconf 79' lang='lat' dir='ltr'><strong>eis,</strong></span> <span class='ocrx_word' id='word_1_98' title='bbox 809 1784 904 1838; x_wconf 82' lang='lat' dir='ltr'><strong>Hs.</strong></span> <span class='ocrx_word' id='word_1_99' title='bbox 980 1786 1046 1837; x_wconf 81' lang='lat'><strong>12</strong></span> <span class='ocrx_word' id='word_1_100' title='bbox 1083 1787 1217 1855; x_wconf 87' lang='lat' dir='ltr'><strong>post</strong></span> <span class='ocrx_word' id='word_1_101' title='bbox 1255 1784 1427 1851; x_wconf 86' lang='lat' dir='ltr'><strong>hanc,</strong></span> <span class='ocrx_word' id='word_1_102' title='bbox 1465 1781 1561 1836; x_wconf 78' lang='lat' dir='ltr'><strong>He.</strong></span> <span class='ocrx_word' id='word_1_103' title='bbox 1636 1781 1704 1836; x_wconf 87' lang='grc'><strong>18</strong></span> <span class='ocrx_word' id='word_1_104' title='bbox 1740 1782 1958 1838; x_wconf 85' lang='lat' dir='ltr'><strong>scheint</strong></span> <span class='ocrx_word' id='word_1_105' title='bbox 1994 1782 2347 1850; x_wconf 82' lang='lat' dir='ltr'><strong>verdorben‚</strong></span> <span class='ocrx_word' id='word_1_106' title='bbox 2381 1798 2445 1837; x_wconf 79' lang='lat' dir='ltr'><strong>es</strong></span> <span class='ocrx_word' id='word_1_107' title='bbox 2480 1779 2626 1838; x_wconf 80' lang='lat' dir='ltr'><strong>fehlt</strong></span> <span class='ocrx_word' id='word_1_108' title='bbox 2660 1782 2789 1837; x_wconf 86' lang='lat' dir='ltr'><strong>eine</strong></span> <span class='ocrx_word' id='word_1_109' title='bbox 2820 1781 3031 1853; x_wconf 79' lang='lat' dir='ltr'><strong>Sylbe.</strong></span> 
     </span>
    </p>
   </div>
   <div class='ocr_carea' id='block_1_5' title="bbox 1158 2101 2263 2230">
    <p class='ocr_par' dir='ltr' id='par_1_11' title="bbox 1158 2101 2263 2230">
     <span class='ocr_line' id='line_1_14' title="bbox 1158 2101 2263 2230; baseline -0.006 -52"><span class='ocrx_word' id='word_1_110' title='bbox 1158 2103 1334 2230; x_wconf 43' lang='lat'><strong>8021.</strong></span> <span class='ocrx_word' id='word_1_111' title='bbox 1406 2103 1523 2176; x_wconf 83' lang='lat' dir='ltr'><strong>De</strong></span> <span class='ocrx_word' id='word_1_112' title='bbox 1577 2131 1631 2176; x_wconf 84' lang='lat' dir='ltr'><strong>s.</strong></span> <span class='ocrx_word' id='word_1_113' title='bbox 1688 2101 1923 2179; x_wconf 82' lang='lat' dir='ltr'><strong>Anna.</strong></span> <span class='ocrx_word' id='word_1_114' title='bbox 2017 2103 2263 2172; x_wconf 80' lang='lat' dir='ltr'><strong>oratio.</strong></span> 
     </span>
    </p>
   </div>
   <div class='ocr_carea' id='block_1_6' title="bbox 400 2339 3026 3525">
    <p class='ocr_par' dir='ltr' id='par_1_12' title="bbox 400 2339 3026 3525">
     <span class='ocr_line' id='line_1_15' title="bbox 406 2339 2803 2426; baseline -0 -20"><span class='ocrx_word' id='word_1_115' title='bbox 406 2339 633 2406; x_wconf 85' lang='lat' dir='ltr'><strong>Gaude</strong></span> <span class='ocrx_word' id='word_1_116' title='bbox 678 2341 836 2405; x_wconf 82' lang='lat' dir='ltr'><strong>felix</strong></span> <span class='ocrx_word' id='word_1_117' title='bbox 878 2339 1113 2422; x_wconf 86' lang='lat' dir='ltr'><strong>Anna,</strong></span> <span class='ocrx_word' id='word_1_118' title='bbox 1850 2360 1998 2423; x_wconf 86' lang='lat' dir='ltr'><strong>quae</strong></span> <span class='ocrx_word' id='word_1_119' title='bbox 2041 2340 2231 2423; x_wconf 83' lang='lat' dir='ltr'><strong>virgo</strong></span> <span class='ocrx_word' id='word_1_120' title='bbox 2278 2340 2469 2404; x_wconf 89' lang='lat' dir='ltr'><strong>deum</strong></span> <span class='ocrx_word' id='word_1_121' title='bbox 2514 2343 2803 2426; x_wconf 84' lang='lat' dir='ltr'><strong>peperit,</strong></span> 
     </span>
     <span class='ocr_line' id='line_1_16' title="bbox 404 2442 2435 2525; baseline 0 -17"><span class='ocrx_word' id='word_1_122' title='bbox 404 2442 761 2525; x_wconf 79' lang='lat' dir='ltr'><strong>concepisti</strong></span> <span class='ocrx_word' id='word_1_123' title='bbox 796 2442 1079 2525; x_wconf 88' lang='lat' dir='ltr'><strong>prolem,</strong></span> <span class='ocrx_word' id='word_1_124' title='bbox 1761 2452 1972 2508; x_wconf 82' lang='lat' dir='ltr'><strong>mater</strong></span> <span class='ocrx_word' id='word_1_125' title='bbox 2017 2452 2118 2508; x_wconf 90' lang='lat' dir='ltr'><strong>est</strong></span> <span class='ocrx_word' id='word_1_126' title='bbox 2163 2445 2435 2509; x_wconf 88' lang='lat' dir='ltr'><strong>messiae.</strong></span> 
     </span>
     <span class='ocr_line' id='line_1_17' title="bbox 492 2543 2462 2627; baseline 0.001 -19"><span class='ocrx_word' id='word_1_127' title='bbox 492 2562 638 2625; x_wconf 70' lang='lat' dir='ltr'><strong>quse</strong></span> <span class='ocrx_word' id='word_1_128' title='bbox 682 2544 976 2627; x_wconf 88' lang='lat' dir='ltr'><strong>paritura</strong></span> <span class='ocrx_word' id='word_1_129' title='bbox 1017 2543 1232 2608; x_wconf 87' lang='lat' dir='ltr'><strong>fuerat</strong></span> <span class='ocrx_word' id='word_1_130' title='bbox 2459 2548 2462 2551; x_wconf 74' lang='grc'>’</span> 
     </span>
     <span class='ocr_line' id='line_1_18' title="bbox 403 2631 2464 2716; baseline 0 -6"><span class='ocrx_word' id='word_1_131' title='bbox 403 2645 622 2710; x_wconf 87' lang='lat' dir='ltr'><strong>mundi</strong></span> <span class='ocrx_word' id='word_1_132' title='bbox 668 2647 1079 2711; x_wconf 84' lang='lat' dir='ltr'><strong>salvatorem.</strong></span> <span class='ocrx_word' id='word_1_133' title='bbox 1766 2632 1993 2697; x_wconf 67' lang='lat' dir='ltr'><strong>Gaude</strong></span> <span class='ocrx_word' id='word_1_134' title='bbox 2040 2632 2197 2696; x_wconf 67' lang='lat' dir='ltr'><strong>felix</strong></span> <span class='ocrx_word' id='word_1_135' title='bbox 2233 2631 2464 2716; x_wconf 71' lang='lat' dir='ltr'><strong>Anna,</strong></span> 
     </span>
     <span class='ocr_line' id='line_1_19' title="bbox 1765 2737 2268 2820; baseline 0 -20"><span class='ocrx_word' id='word_1_136' title='bbox 1765 2737 1907 2802; x_wconf 86' lang='lat' dir='ltr'><strong>sola</strong></span> <span class='ocrx_word' id='word_1_137' title='bbox 1953 2738 2268 2820; x_wconf 84' lang='lat' dir='ltr'><strong>meruisti,</strong></span> 
     </span>
     <span class='ocr_line' id='line_1_20' title="bbox 405 2833 3026 2923; baseline 0.002 -23"><span class='ocrx_word' id='word_1_138' title='bbox 405 2835 635 2901; x_wconf 84' lang='lat' dir='ltr'><strong>Gaude</strong></span> <span class='ocrx_word' id='word_1_139' title='bbox 681 2836 840 2899; x_wconf 84' lang='lat' dir='ltr'><strong>felix</strong></span> <span class='ocrx_word' id='word_1_140' title='bbox 882 2833 1108 2918; x_wconf 86' lang='lat' dir='ltr'><strong>Anna,</strong></span> <span class='ocrx_word' id='word_1_141' title='bbox 1618 2839 1656 2899; x_wconf 88' lang='lat'>5</span> <span class='ocrx_word' id='word_1_142' title='bbox 1851 2847 1920 2903; x_wconf 89' lang='lat' dir='ltr'><strong>ut</strong></span> <span class='ocrx_word' id='word_1_143' title='bbox 1965 2858 2146 2903; x_wconf 88' lang='lat' dir='ltr'><strong>esses</strong></span> <span class='ocrx_word' id='word_1_144' title='bbox 2187 2849 2393 2902; x_wconf 85' lang='lat' dir='ltr'><strong>mater</strong></span> <span class='ocrx_word' id='word_1_145' title='bbox 2438 2839 2709 2923; x_wconf 83' lang='lat' dir='ltr'><strong>virginis</strong></span> <span class='ocrx_word' id='word_1_146' title='bbox 2937 2844 3026 2904; x_wconf 87' lang='lat'><strong>15</strong></span> 
     </span>
     <span class='ocr_line' id='line_1_21' title="bbox 403 2941 2498 3025; baseline 0.001 -21"><span class='ocrx_word' id='word_1_147' title='bbox 403 2947 614 3004; x_wconf 87' lang='lat' dir='ltr'><strong>mater</strong></span> <span class='ocrx_word' id='word_1_148' title='bbox 658 2960 915 3023; x_wconf 81' lang='lat' dir='ltr'><strong>magnae</strong></span> <span class='ocrx_word' id='word_1_149' title='bbox 959 2941 1195 3025; x_wconf 80' lang='lat' dir='ltr'><strong>proliS,</strong></span> <span class='ocrx_word' id='word_1_150' title='bbox 1764 2943 1988 3006; x_wconf 87' lang='lat' dir='ltr'><strong>matris</strong></span> <span class='ocrx_word' id='word_1_151' title='bbox 2034 2943 2194 3007; x_wconf 85' lang='lat' dir='ltr'><strong>Jesu</strong></span> <span class='ocrx_word' id='word_1_152' title='bbox 2241 2943 2498 3008; x_wconf 86' lang='lat' dir='ltr'><strong>Christi.</strong></span> 
     </span>
     <span class='ocr_line' id='line_1_22' title="bbox 491 3045 1368 3127; baseline 0.001 -21"><span class='ocrx_word' id='word_1_153' title='bbox 491 3061 578 3106; x_wconf 80' lang='lat' dir='ltr'><strong>ex</strong></span> <span class='ocrx_word' id='word_1_154' title='bbox 621 3051 687 3107; x_wconf 90' lang='lat' dir='ltr'><strong>te</strong></span> <span class='ocrx_word' id='word_1_155' title='bbox 732 3046 1056 3127; x_wconf 87' lang='lat' dir='ltr'><strong>processit</strong></span> <span class='ocrx_word' id='word_1_156' title='bbox 1099 3045 1368 3109; x_wconf 82' lang='lat' dir='ltr'><strong>rutilans</strong></span> 
     </span>
     <span class='ocr_line' id='line_1_23' title="bbox 403 3131 2469 3217; baseline 0.003 -7"><span class='ocrx_word' id='word_1_157' title='bbox 403 3145 598 3210; x_wconf 82' lang='lat' dir='ltr'><strong>stella</strong></span> <span class='ocrx_word' id='word_1_158' title='bbox 642 3148 870 3210; x_wconf 86' lang='lat' dir='ltr'><strong>summi</strong></span> <span class='ocrx_word' id='word_1_159' title='bbox 914 3148 1086 3211; x_wconf 68' lang='lat' dir='ltr'><strong>solis</strong></span> <span class='ocrx_word' id='word_1_160' title='bbox 1765 3132 1991 3196; x_wconf 64' lang='lat' dir='ltr'><strong>Gaude</strong></span> <span class='ocrx_word' id='word_1_161' title='bbox 2037 3132 2194 3196; x_wconf 63' lang='lat' dir='ltr'><strong>felix</strong></span> <span class='ocrx_word' id='word_1_162' title='bbox 2236 3131 2469 3217; x_wconf 68' lang='lat' dir='ltr'>Anna,</span> 
     </span>
     <span class='ocr_line' id='line_1_24' title="bbox 1761 3234 2369 3317; baseline 0 -19"><span class='ocrx_word' id='word_1_163' title='bbox 1761 3234 1974 3317; x_wconf 80' lang='lat' dir='ltr'><strong>gaude</strong></span> <span class='ocrx_word' id='word_1_164' title='bbox 2018 3235 2159 3298; x_wconf 63' lang='lat' dir='ltr'><strong>⁴sine</strong></span> <span class='ocrx_word' id='word_1_165' title='bbox 2205 3235 2369 3317; x_wconf 90' lang='lat' dir='ltr'><strong>fine,</strong></span> 
     </span>
     <span class='ocr_line' id='line_1_25' title="bbox 402 3332 2822 3424; baseline 0 -21"><span class='ocrx_word' id='word_1_166' title='bbox 402 3337 632 3404; x_wconf 83' lang='lat' dir='ltr'><strong>Gaude</strong></span> <span class='ocrx_word' id='word_1_167' title='bbox 678 3340 836 3405; x_wconf 86' lang='lat' dir='ltr'><strong>felix</strong></span> <span class='ocrx_word' id='word_1_168' title='bbox 879 3337 1116 3422; x_wconf 86' lang='lat' dir='ltr'><strong>Anna,</strong></span> <span class='ocrx_word' id='word_1_169' title='bbox 1425 3332 1440 3345; x_wconf 77' lang='lat'>&#39;</span> <span class='ocrx_word' id='word_1_170' title='bbox 1848 3346 1913 3402; x_wconf 88' lang='lat' dir='ltr'><strong>et</strong></span> <span class='ocrx_word' id='word_1_171' title='bbox 1957 3356 2079 3421; x_wconf 88' lang='lat' dir='ltr'><strong>pro</strong></span> <span class='ocrx_word' id='word_1_172' title='bbox 2124 3359 2225 3403; x_wconf 88' lang='lat' dir='ltr'><strong>me</strong></span> <span class='ocrx_word' id='word_1_173' title='bbox 2270 3358 2507 3423; x_wconf 78' lang='lat' dir='ltr'><strong>preces</strong></span> <span class='ocrx_word' id='word_1_174' title='bbox 2551 3340 2822 3424; x_wconf 78' lang='lat' dir='ltr'><strong>porrige</strong></span> 
     </span>
     <span class='ocr_line' id='line_1_26' title="bbox 400 3441 3025 3525; baseline 0.001 -21"><span class='ocrx_word' id='word_1_175' title='bbox 400 3442 688 3523; x_wconf 83' lang='lat' dir='ltr'><strong>genitrix</strong></span> <span class='ocrx_word' id='word_1_176' title='bbox 732 3442 994 3524; x_wconf 86' lang='lat' dir='ltr'><strong>Mariae,</strong></span> <span class='ocrx_word' id='word_1_177' title='bbox 1576 3442 1655 3504; x_wconf 89' lang='lat'><strong>10</strong></span> <span class='ocrx_word' id='word_1_178' title='bbox 1761 3441 2071 3506; x_wconf 88' lang='lat' dir='ltr'><strong>coelorum</strong></span> <span class='ocrx_word' id='word_1_179' title='bbox 2117 3442 2382 3525; x_wconf 73' lang='lat' dir='ltr'><strong>reginae.</strong></span> <span class='ocrx_word' id='word_1_180' title='bbox 2926 3442 3025 3507; x_wconf 82' lang='lat'><strong>2⁰</strong></span> 
     </span>
    </p>
   </div>
   <div class='ocr_carea' id='block_1_7' title="bbox 399 3623 3029 3875">
    <p class='ocr_par' dir='ltr' id='par_1_13' title="bbox 399 3623 3029 3875">
     <span class='ocr_line' id='line_1_27' title="bbox 579 3623 3029 3697; baseline 0 -16"><span class='ocrx_word' id='word_1_181' title='bbox 579 3628 675 3681; x_wconf 81' lang='lat' dir='ltr'><strong>Hs.</strong></span> <span class='ocrx_word' id='word_1_182' title='bbox 714 3645 782 3682; x_wconf 84' lang='lat' dir='ltr'><strong>zu</strong></span> <span class='ocrx_word' id='word_1_183' title='bbox 818 3628 1016 3694; x_wconf 82' lang='lat' dir='ltr'><strong>Maiuz,</strong></span> <span class='ocrx_word' id='word_1_184' title='bbox 1052 3628 1197 3697; x_wconf 82' lang='lat' dir='ltr'><strong>Aug.</strong></span> <span class='ocrx_word' id='word_1_185' title='bbox 1238 3627 1339 3681; x_wconf 87' lang='lat' dir='ltr'><strong>No.</strong></span> <span class='ocrx_word' id='word_1_186' title='bbox 1369 3628 1491 3681; x_wconf 69' lang='lat'><strong>439.</strong></span> <span class='ocrx_word' id='word_1_187' title='bbox 1528 3623 1568 3679; x_wconf 85' lang='lat' dir='ltr'><strong>f.</strong></span> <span class='ocrx_word' id='word_1_188' title='bbox 1595 3626 1700 3678; x_wconf 84' lang='lat'><strong>205</strong></span> <span class='ocrx_word' id='word_1_189' title='bbox 1740 3624 1838 3679; x_wconf 83' lang='lat' dir='ltr'><strong>des</strong></span> <span class='ocrx_word' id='word_1_190' title='bbox 1880 3627 1947 3678; x_wconf 87' lang='lat'><strong>15</strong></span> <span class='ocrx_word' id='word_1_191' title='bbox 1984 3625 2179 3679; x_wconf 78' lang='lat' dir='ltr'><strong>Jahrb.</strong></span> <span class='ocrx_word' id='word_1_192' title='bbox 2218 3625 2351 3694; x_wconf 85' lang='grc' dir='ltr'>(Μ).</span> <span class='ocrx_word' id='word_1_193' title='bbox 2426 3625 2521 3679; x_wconf 82' lang='lat' dir='ltr'><strong>Hs.</strong></span> <span class='ocrx_word' id='word_1_194' title='bbox 2556 3640 2628 3680; x_wconf 87' lang='grc' dir='ltr'><strong>ιιι</strong></span> <span class='ocrx_word' id='word_1_195' title='bbox 2655 3623 3029 3681; x_wconf 74' lang='lat' dir='ltr'><strong>Lichtenthal</strong></span> 
     </span>
     <span class='ocr_line' id='line_1_28' title="bbox 400 3709 3026 3786; baseline 0.002 -21"><span class='ocrx_word' id='word_1_196' title='bbox 400 3711 494 3765; x_wconf 85' lang='lat' dir='ltr'><strong>bei</strong></span> <span class='ocrx_word' id='word_1_197' title='bbox 529 3711 740 3781; x_wconf 85' lang='lat' dir='ltr'><strong>Baden,</strong></span> <span class='ocrx_word' id='word_1_198' title='bbox 779 3716 844 3767; x_wconf 88' lang='lat'><strong>15</strong></span> <span class='ocrx_word' id='word_1_199' title='bbox 880 3714 1078 3769; x_wconf 82' lang='lat' dir='ltr'><strong>Jahrb.</strong></span> <span class='ocrx_word' id='word_1_200' title='bbox 1126 3714 1252 3782; x_wconf 87' lang='lat' dir='ltr'>(L).</span> <span class='ocrx_word' id='word_1_201' title='bbox 1342 3714 1508 3769; x_wconf 82' lang='lat' dir='ltr'><strong>Diese</strong></span> <span class='ocrx_word' id='word_1_202' title='bbox 1544 3714 1641 3767; x_wconf 80' lang='lat' dir='ltr'><strong>Hs.</strong></span> <span class='ocrx_word' id='word_1_203' title='bbox 1681 3711 1842 3766; x_wconf 69' lang='lat' dir='ltr'><strong>ffihrt</strong></span> <span class='ocrx_word' id='word_1_204' title='bbox 1875 3712 1977 3765; x_wconf 91' lang='lat' dir='ltr'><strong>mit</strong></span> <span class='ocrx_word' id='word_1_205' title='bbox 2011 3713 2189 3768; x_wconf 88' lang='lat' dir='ltr'><strong>einem</strong></span> <span class='ocrx_word' id='word_1_206' title='bbox 2223 3712 2589 3786; x_wconf 78' lang='lat' dir='ltr'><strong>Reimgebete</strong></span> <span class='ocrx_word' id='word_1_207' title='bbox 2627 3729 2692 3767; x_wconf 84' lang='lat' dir='ltr'><strong>so</strong></span> <span class='ocrx_word' id='word_1_208' title='bbox 2729 3709 2876 3767; x_wconf 82' lang='lat' dir='ltr'><strong>fort:</strong></span> <span class='ocrx_word' id='word_1_209' title='bbox 2951 3719 3026 3769; x_wconf 74' lang='lat' dir='ltr'><strong>et</strong></span> 
     </span>
     <span class='ocr_line' id='line_1_29' title="bbox 399 3796 2112 3875; baseline 0.001 -25"><span class='ocrx_word' id='word_1_210' title='bbox 399 3811 509 3866; x_wconf 83' lang='lat' dir='ltr'><strong>pro</strong></span> <span class='ocrx_word' id='word_1_211' title='bbox 547 3799 674 3870; x_wconf 79' lang='lat' dir='ltr'><strong>ejus</strong></span> <span class='ocrx_word' id='word_1_212' title='bbox 711 3815 903 3854; x_wconf 84' lang='lat' dir='ltr'><strong>amore</strong></span> <span class='ocrx_word' id='word_1_213' title='bbox 940 3800 1225 3856; x_wconf 84' lang='lat' dir='ltr'><strong>intercede</strong></span> <span class='ocrx_word' id='word_1_214' title='bbox 1262 3816 1371 3871; x_wconf 87' lang='lat' dir='ltr'><strong>pro</strong></span> <span class='ocrx_word' id='word_1_215' title='bbox 1409 3815 1496 3854; x_wconf 90' lang='lat' dir='ltr'><strong>me</strong></span> <span class='ocrx_word' id='word_1_216' title='bbox 1531 3800 1865 3875; x_wconf 82' lang='lat' dir='ltr'><strong>peccatore,</strong></span> <span class='ocrx_word' id='word_1_217' title='bbox 1903 3806 2010 3853; x_wconf 87' lang='lat' dir='ltr'><strong>etc.</strong></span> <span class='ocrx_word' id='word_1_218' title='bbox 2109 3796 2112 3799; x_wconf 71' lang='grc'><strong><em>’</em></strong></span> 
     </span>
    </p>
   </div>
   <div class='ocr_carea' id='block_1_8' title="bbox 398 3918 3022 4081">
    <p class='ocr_par' dir='ltr' id='par_1_14' title="bbox 398 3918 3022 4081">
     <span class='ocr_line' id='line_1_30' title="bbox 587 3918 3022 4003; baseline 0 -27"><span class='ocrx_word' id='word_1_219' title='bbox 587 3925 622 3976; x_wconf 84' lang='grc'><strong>2</strong></span> <span class='ocrx_word' id='word_1_220' title='bbox 656 3938 800 3992; x_wconf 83' lang='lat' dir='ltr'><strong>quae</strong></span> <span class='ocrx_word' id='word_1_221' title='bbox 819 3921 931 3990; x_wconf 83' lang='lat' dir='ltr'><strong>LM,</strong></span> <span class='ocrx_word' id='word_1_222' title='bbox 969 3938 1157 3993; x_wconf 79' lang='lat' dir='ltr'><strong>gegen</strong></span> <span class='ocrx_word' id='word_1_223' title='bbox 1194 3922 1294 3977; x_wconf 86' lang='lat' dir='ltr'><strong>das</strong></span> <span class='ocrx_word' id='word_1_224' title='bbox 1322 3922 1781 3994; x_wconf 77' lang='lat' dir='ltr'><strong>Strophenmass.</strong></span> <span class='ocrx_word' id='word_1_225' title='bbox 1851 3925 1886 3977; x_wconf 84' lang='lat'><strong>3</strong></span> <span class='ocrx_word' id='word_1_226' title='bbox 1928 3927 2052 3995; x_wconf 80' lang='lat' dir='ltr'><strong>erat</strong></span> <span class='ocrx_word' id='word_1_227' title='bbox 2087 3938 2209 3992; x_wconf 88' lang='lat' dir='ltr'><strong>par.</strong></span> <span class='ocrx_word' id='word_1_228' title='bbox 2246 3921 2360 4003; x_wconf 66' lang='grc' dir='ltr'><strong>[Μ.</strong></span> <span class='ocrx_word' id='word_1_229' title='bbox 2438 3922 2506 3974; x_wconf 85' lang='grc'><strong>10</strong></span> <span class='ocrx_word' id='word_1_230' title='bbox 2534 3919 2773 3991; x_wconf 79' lang='lat' dir='ltr'><strong>virginis</strong></span> <span class='ocrx_word' id='word_1_231' title='bbox 2791 3918 3022 3976; x_wconf 57' lang='lat' dir='ltr'><strong>Halata.</strong></span> 
     </span>
     <span class='ocr_line' id='line_1_31' title="bbox 398 4007 3021 4081; baseline 0 -18"><span class='ocrx_word' id='word_1_232' title='bbox 398 4013 468 4064; x_wconf 84' lang='grc'><strong>12</strong></span> <span class='ocrx_word' id='word_1_233' title='bbox 504 4016 564 4066; x_wconf 92' lang='lat' dir='ltr'><strong>et</strong></span> <span class='ocrx_word' id='word_1_234' title='bbox 598 4015 728 4064; x_wconf 83' lang='lat' dir='ltr'><strong>mat.</strong></span> <span class='ocrx_word' id='word_1_235' title='bbox 766 4009 884 4064; x_wconf 75' lang='lat' dir='ltr'><strong>Lm.</strong></span> <span class='ocrx_word' id='word_1_236' title='bbox 959 4012 1026 4063; x_wconf 88' lang='grc'><strong>13</strong></span> <span class='ocrx_word' id='word_1_237' title='bbox 1064 4010 1227 4064; x_wconf 83' lang='lat' dir='ltr'><strong>Anna</strong></span> <span class='ocrx_word' id='word_1_238' title='bbox 1265 4007 1412 4064; x_wconf 80' lang='lat' dir='ltr'><strong>fehlt</strong></span> <span class='ocrx_word' id='word_1_239' title='bbox 1446 4010 1503 4063; x_wconf 86' lang='lat' dir='ltr'><strong>L.</strong></span> <span class='ocrx_word' id='word_1_240' title='bbox 1577 4011 1647 4062; x_wconf 72' lang='lat'><strong>14</strong></span> <span class='ocrx_word' id='word_1_241' title='bbox 1683 4026 1807 4081; x_wconf 79' lang='lat' dir='ltr'><strong>quae</strong></span> <span class='ocrx_word' id='word_1_242' title='bbox 1845 4009 1972 4067; x_wconf 84' lang='lat' dir='ltr'><strong>sola</strong></span> <span class='ocrx_word' id='word_1_243' title='bbox 2008 4009 2124 4063; x_wconf 76' lang='lat' dir='ltr'><strong>Lm.</strong></span> <span class='ocrx_word' id='word_1_244' title='bbox 2198 4011 2266 4062; x_wconf 86' lang='grc'><strong>16</strong></span> <span class='ocrx_word' id='word_1_245' title='bbox 2304 4007 2513 4062; x_wconf 88' lang='lat' dir='ltr'><strong>domini</strong></span> <span class='ocrx_word' id='word_1_246' title='bbox 2550 4008 2733 4064; x_wconf 85' lang='lat' dir='ltr'><strong>nostri</strong></span> <span class='ocrx_word' id='word_1_247' title='bbox 2768 4009 2820 4063; x_wconf 75' lang='lat' dir='ltr'><strong>J.</strong></span> <span class='ocrx_word' id='word_1_248' title='bbox 2848 4007 2915 4065; x_wconf 86' lang='lat' dir='ltr'><strong>C.</strong></span> <span class='ocrx_word' id='word_1_249' title='bbox 2951 4007 3021 4063; x_wconf 75' lang='lat' dir='ltr'><strong>L.</strong></span> 
     </span>
    </p>
   </div>
   <div class='ocr_carea' id='block_1_9' title="bbox 398 4095 1534 4170">
    <p class='ocr_par' dir='ltr' id='par_1_15' title="bbox 398 4095 1534 4170">
     <span class='ocr_line' id='line_1_32' title="bbox 398 4095 1534 4170; baseline 0 -19"><span class='ocrx_word' id='word_1_250' title='bbox 398 4099 467 4152; x_wconf 89' lang='grc'><strong>18</strong></span> <span class='ocrx_word' id='word_1_251' title='bbox 503 4098 686 4170; x_wconf 82' lang='lat' dir='ltr'><strong>gaude</strong></span> <span class='ocrx_word' id='word_1_252' title='bbox 723 4095 869 4154; x_wconf 81' lang='lat' dir='ltr'><strong>fehlt</strong></span> <span class='ocrx_word' id='word_1_253' title='bbox 905 4098 963 4153; x_wconf 72' lang='lat'><strong>1..</strong></span> <span class='ocrx_word' id='word_1_254' title='bbox 1037 4100 1106 4152; x_wconf 86' lang='lat'><strong>19</strong></span> <span class='ocrx_word' id='word_1_255' title='bbox 1143 4103 1201 4153; x_wconf 89' lang='lat' dir='ltr'><strong>et</strong></span> <span class='ocrx_word' id='word_1_256' title='bbox 1237 4096 1384 4154; x_wconf 85' lang='lat' dir='ltr'><strong>fehlt</strong></span> <span class='ocrx_word' id='word_1_257' title='bbox 1418 4098 1534 4152; x_wconf 72' lang='lat' dir='ltr'><strong>Lu.</strong></span> 
     </span>
    </p>
   </div>
   <div class='ocr_carea' id='block_1_10' title="bbox 963 4379 2304 4479">
    <p class='ocr_par' dir='ltr' id='par_1_16' title="bbox 963 4379 2304 4479">
     <span class='ocr_line' id='line_1_33' title="bbox 963 4379 2304 4479; baseline -0.005 -21"><span class='ocrx_word' id='word_1_258' title='bbox 963 4419 978 4433; x_wconf 93' lang='lat'><strong>·</strong></span> <span class='ocrx_word' id='word_1_259' title='bbox 1088 4382 1266 4457; x_wconf 86' lang='lat'><strong>805.</strong></span> <span class='ocrx_word' id='word_1_260' title='bbox 1328 4382 1445 4454; x_wconf 80' lang='lat' dir='ltr'><strong>De</strong></span> <span class='ocrx_word' id='word_1_261' title='bbox 1494 4407 1551 4454; x_wconf 73' lang='grc' dir='ltr'><strong>ε.</strong></span> <span class='ocrx_word' id='word_1_262' title='bbox 1608 4379 1841 4457; x_wconf 82' lang='lat' dir='ltr'><strong>Anna.</strong></span> <span class='ocrx_word' id='word_1_263' title='bbox 1919 4383 2304 4479; x_wconf 83' lang='lat' dir='ltr'><strong>sequentia.</strong></span> 
     </span>
    </p>
   </div>
   <div class='ocr_carea' id='block_1_11' title="bbox 391 4584 2846 4788">
    <p class='ocr_par' dir='ltr' id='par_1_17' title="bbox 391 4584 2846 4788">
     <span class='ocr_line' id='line_1_34' title="bbox 392 4584 2846 4682; baseline -0 -21"><span class='ocrx_word' id='word_1_264' title='bbox 392 4584 650 4661; x_wconf 84' lang='lat' dir='ltr'><strong>Nardus</strong></span> <span class='ocrx_word' id='word_1_265' title='bbox 695 4602 899 4682; x_wconf 89' lang='lat' dir='ltr'><strong>spirat</strong></span> <span class='ocrx_word' id='word_1_266' title='bbox 943 4602 1011 4664; x_wconf 93' lang='lat' dir='ltr'><strong>in</strong></span> <span class='ocrx_word' id='word_1_267' title='bbox 1054 4603 1326 4666; x_wconf 88' lang='lat' dir='ltr'><strong>odorem</strong></span> <span class='ocrx_word' id='word_1_268' title='bbox 1752 4601 1869 4666; x_wconf 87' lang='lat' dir='ltr'><strong>sed</strong></span> <span class='ocrx_word' id='word_1_269' title='bbox 1916 4600 2036 4663; x_wconf 88' lang='lat' dir='ltr'><strong>flos</strong></span> <span class='ocrx_word' id='word_1_270' title='bbox 2082 4600 2330 4664; x_wconf 70' lang='lat' dir='ltr'><strong>fructus</strong></span> <span class='ocrx_word' id='word_1_271' title='bbox 2377 4599 2491 4663; x_wconf 86' lang='lat' dir='ltr'><strong>dat</strong></span> <span class='ocrx_word' id='word_1_272' title='bbox 2534 4599 2846 4663; x_wconf 88' lang='lat' dir='ltr'><strong>honorem</strong></span> 
     </span>
     <span class='ocr_line' id='line_1_35' title="bbox 391 4700 2483 4788; baseline 0.001 -23"><span class='ocrx_word' id='word_1_273' title='bbox 391 4709 461 4765; x_wconf 90' lang='lat' dir='ltr'><strong>et</strong></span> <span class='ocrx_word' id='word_1_274' title='bbox 504 4700 820 4783; x_wconf 87' lang='lat' dir='ltr'><strong>spinetum</strong></span> <span class='ocrx_word' id='word_1_275' title='bbox 865 4705 1118 4788; x_wconf 80' lang='lat' dir='ltr'><strong>profert</strong></span> <span class='ocrx_word' id='word_1_276' title='bbox 1159 4706 1420 4788; x_wconf 88' lang='lat' dir='ltr'><strong>florem,</strong></span> <span class='ocrx_word' id='word_1_277' title='bbox 1841 4704 2017 4787; x_wconf 83' lang='lat' dir='ltr'><strong>regis</strong></span> <span class='ocrx_word' id='word_1_278' title='bbox 2063 4704 2128 4766; x_wconf 91' lang='lat' dir='ltr'><strong>in</strong></span> <span class='ocrx_word' id='word_1_279' title='bbox 2167 4704 2483 4769; x_wconf 87' lang='lat' dir='ltr'><strong>accubitu.</strong></span> 
     </span>
    </p>
   </div>
  </div>
 </body>
</html>
