3175 5234
362 263 452 328 12

367 447 531 514 Haec
575 444 716 510 dies
760 443 993 507 festum
1038 440 1192 506 colit
1221 438 1616 521 angelorum,
1721 431 1981 516 gaudio,
2029 449 2298 514 quorum
2329 449 2661 495 numerum
2691 447 2996 513 superna

367 560 442 616 ut
482 558 657 615 tuam
702 565 962 628 semper
1005 544 1237 608 faciem
1281 540 1580 605 videntes

370 671 628 737 semper
646 651 710 715 in
730 655 953 714 nostro
975 647 1250 729 vigilent
1271 645 1501 708 favore
1538 642 1616 703 15

542 760 609 817 te
654 751 1018 816 miserante.

366 943 455 1009 Et
496 943 735 1009 choros
792 936 967 1003 ducit
1011 939 1130 1000 sub
1176 932 1618 1018 apostolorum

368 1044 561 1110 turba‘
601 1040 925 1127 praeclaro
969 1035 1207 1101 nitidos
1248 1035 1521 1115 honore,

366 1165 490 1230 per
510 1160 744 1227 preces
762 1159 1033 1223 quorum
1061 1143 1236 1203 meat
1262 1144 1330 1199 et
1356 1134 1620 1216 loquela

543 1255 684 1312 tnta
724 1264 846 1328 per
892 1244 1135 1307 hostes.
1531 1238 1617 1300 20

370 1432 701 1514 Martyres
747 1429 929 1492 festis
973 1445 1360 1491 veneramur
1404 1425 1592 1509 aptis,

370 1540 529 1599 vota
572 1530 908 1596 confessor
953 1528 1129 1611 capit
1173 1528 1379 1591 omnis
1425 1527 1567 1604 ista,

370 1636 662 1719 virgines
772 1640 1032 1696 sanctas
1136 1630 1619 1712 monachosque

1104 1735 1318 1800 claros

547 1839 740 1905 laude
785 1857 1106 1903 sonamus.

376 2031 599 2097 Omnis
698 2033 827 2096 hoc
901 2031 1162 2113 dignam
1249 2027 1624 2110 patriarcha

1138 2139 1421 2215 partem,
1539 2130 1624 2190 25

378 2237 608 2302 doctor
652 2245 718 2300 et
756 2245 943 2300 vates
974 2235 1174 2300 habet
1210 2242 1278 2297 et
1312 2231 1625 2297 sacerdos

1897 534 2163 617 scriptio
2208 540 2448 597 servat.

1727 721 2015 787 Omnium
2059 741 2220 786 sane
2263 721 2511 805 pariter
2553 728 2808 786 tuorum

1725 826 1895 890 festa
1997 831 2365 889 sanctorum
2467 822 2736 888 colimus
2820 842 2990 906 pre-

2493 930 2740 1005 cantes,
2895 926 2990 987 30
3091 977 3104 992 .

1726 1030 1881 1111 hoS,
1936 1030 2052 1094 tibi
2095 1029 2205 1111 qui
2239 1028 2381 1111 jam
2426 1045 2722 1091 meruere
2761 1027 2990 1111 jungi,

1901 1139 2127 1196 nostra
2171 1133 2355 1196 tueri.

1726 1319 1814 1386 Ut
1858 1323 2087 1403 quibus
2131 1319 2286 1384 vitae
2331 1318 2606 1383 stadium
2649 1319 2992 1401 magistris

1728 1424 2004 1490 curritur
2019 1471 2036 1505 ,
2081 1423 2311 1487 horum
2355 1422 2660 1505 precibus
2707 1421 2918 1487 beatis

1727 1525 1978 1608 fulgido
2024 1525 2172 1588 coeli
2216 1524 2466 1607 gremio
2512 1524 2799 1588 locemnr
2892 1524 2988 1585 35

1900 1635 2174 1711 perpete
2220 1628 2374 1690 vita.

1730 1817 2014 1881 Gloriam
2058 1824 2303 1881 sanctae
2346 1816 2459 1899 pia
2503 1816 2772 1880 trinitati

1728 1922 1918 1984 turba
1944 1919 2297 2003 praesultet,
2343 1926 2534 1983 canat
2564 1926 2632 1982 et
2657 1918 2988 2000 revolvat,

1730 2042 1876 2105 quae
1952 2041 2223 2087 manens
2293 2031 2528 2104 regnat
2585 2021 2744 2087 deus
2818 2042 2996 2087 unus

2457 2128 2626 2191 omni

1903 2239 2195 2313 tempore
2243 2231 2440 2296 saecli.
2900 2229 2992 2293 40

556 2453 653 2508 Hs.
690 2469 761 2507 zu
796 2452 1086 2522 stuttgart
1121 2451 1370 2505 Breviar.
1408 2448 1517 2505 No.
1557 2449 1642 2504 98.
1689 2451 1748 2502 11
1788 2448 1985 2505 Jahrb.
2021 2450 2121 2504 mit
2155 2450 2420 2504 Neumen.

553 2611 587 2663 8
620 2614 906 2680 personet,
943 2608 1038 2664 Hs.
1113 2609 1179 2661 15
1216 2606 1443 2678 vigilet,
1480 2607 1575 2660 us.
1649 2609 1720 2661 37
1757 2606 1867 2677 pie,
1904 2607 2000 2661 Hs.

554 2763 620 2819 V.
658 2766 707 2817 1.

762 2768 937 2841 sator.
993 2762 1052 2818 S.
1090 2763 1196 2817 No.
1234 2763 1321 2830 36,
1361 2764 1409 2815 1.
1472 2760 1673 2817 Dieses
1710 2762 1843 2817 Lied
1881 2762 1957 2819 ist
1992 2762 2287 2817 vielleicht
2322 2764 2466 2818 auch
2504 2778 2617 2818 von
2656 2764 2845 2835 Othlo.

553 2870 619 2923 V.
655 2872 740 2923 21.
796 2875 1097 2940 martyres.
1152 2868 1404 2938 Populus
1445 2868 1797 2924 Christianus
1847 2870 2145 2926 memorias
2192 2876 2501 2941 martyrum
2550 2871 2828 2943 religiosa
2867 2872 2992 2926 sol-

378 2958 668 3039 lemnitate
730 2957 1119 3026 concelebrat,
1187 2963 1246 3011 et
1291 2956 1362 3011 ad
1411 2958 1759 3012 excitandam
1805 2957 2200 3026 imitationem,
2264 2962 2322 3013 et
2386 2964 2447 3013 ut
2507 2958 2719 3014 meritis

2783 2975 2985 3015 eorum

378 3044 737 3103 consocietur
772 3049 940 3116 atque
977 3044 1331 3100 orationibus
1370 3044 1700 3117 adjuvetur;
1737 3044 1816 3099 ita
1855 3051 2062 3113 tamen,
2100 3051 2164 3100 ut
2198 3045 2340 3099 nulli
2376 3051 2705 3115 martyrum,
2742 3045 2841 3099 sed
2869 3046 2988 3116 ipsi

377 3130 487 3189 deo
517 3138 856 3201 martyrum,
894 3132 1146 3202 quamvis
1184 3132 1240 3186 in
1276 3130 1556 3187 memoriis
1592 3136 1930 3202 martyrum,
1984 3132 2386 3187 constituamus
2424 3132 2647 3188 altaria.
2718 3134 2989 3203 Aequam.

379 3225 528 3275 cont.
562 3220 752 3275 Faust.
787 3220 874 3288 20,
909 3222 995 3273 21.
1084 3218 1288 3292 μεγάλη
1340 3218 1446 3275 τῶν
1491 3216 1788 3295 μαρτύρων
1824 3239 1943 3285 σου,
1979 3220 2214 3293 Χρισῐὲ,
2255 3215 2288 3289 ἡ
2326 3216 2585 3291 δύναμις,
2642 3219 2700 3274 ἐν
2732 3219 2986 3290 μνήμασι

375 3305 486 3382 γὰρ
548 3314 776 3373 κεῖνται,
851 3311 942 3361 καὶ
1016 3305 1296 3379 πνεύματα
1361 3304 1622 3361 διώκουσι
1695 3308 1786 3360 καὶ
1856 3304 2199 3382 κατήργησαν
2264 3303 2491 3382 ἐχθροῦ
2551 3304 2650 3376 τὴν
2715 3305 2989 3372 ἐξουσίαν.

381 3394 637 3450 modion.
689 3395 768 3461 H,
805 3395 855 3447 6.

552 3496 620 3547 V.
657 3497 742 3548 25.
796 3495 924 3562 hoc,
963 3493 1085 3549 scil.
1124 3494 1352 3565 gaudio,
1387 3497 1473 3547 27.

552 3596 619 3650 V.
654 3598 741 3651 27.
778 3600 864 3651 28.
921 3614 1166 3668 superna
1200 3598 1452 3667 scriptio,
1491 3615 1557 3654 so
1595 3599 1710 3653 viel
1749 3599 1837 3654 als
1873 3598 2018 3655 liber
2053 3599 2206 3654 vitae.
2245 3601 2481 3671 Apocal.
2518 3605 2608 3669 22,
2628 3604 2711 3656 19.
2761 3602 2992 3658 Kommt

378 3689 438 3743 in
474 3687 579 3742 den
616 3686 871 3758 Hymnen
911 3685 999 3743 oft
1032 3704 1156 3756 vor,
1194 3689 1340 3742 denn
1374 3704 1499 3743 wer
1536 3689 1692 3744 nicht
1727 3690 1782 3743 in
1820 3689 1919 3743 das
1952 3689 2107 3744 Buch
2144 3691 2242 3745 des
2266 3691 2485 3746 Lebens
2522 3689 2990 3763 eingeschrieben

379 3774 556 3842 wird,
618 3773 697 3829 ist
745 3772 877 3828 kein
914 3774 1138 3844 Biirger
1185 3773 1282 3828 des
1318 3772 1600 3828 Himmels.
1675 3774 1780 3829 No.
1817 3778 1916 3844 25,
1954 3777 2072 3830 123.
2139 3776 2245 3831 Νο.
2280 3778 2382 3846 29,
2418 3779 2503 3832 55.
2565 3777 2668 3833 Νο.
2710 3781 2829 3845 122,
2866 3780 2992 3832 144.

380 3862 487 3916 No.
521 3815 645 3930 2⁹64,
684 3862 770 3915 47.
825 3859 929 3915 No.
965 3862 1088 3929 313,
1124 3863 1209 3915 32.
1262 3861 1366 3915 No.
1404 3862 1527 3929 3⁰0,
1566 3862 1654 3917 55.

556 3964 619 4019 V.
654 3967 740 4020 33.
794 3965 1050 4020 stadium.
1123 3965 1254 4038 Vgl.
1289 3966 1392 4021 No.
1428 3967 1517 4033 30,
1551 3968 1778 4022 20-24.
1829 3969 1932 4024 Νο.
1971 3970 2093 4036 456,
2138 3971 2215 4022 12.
2270 3969 2377 4023 No.
2416 3971 2538 4037 632,
2575 3972 2662 4025 28.

558 4071 624 4127 V.
663 4073 891 4125 37—40.
946 4067 1056 4125 ἄνω
1092 4075 1345 4146 στρατιαὶ
1381 4070 1774 4143 δοξολογοῦσιν
1812 4069 2071 4147 ἀγγέλων,
2112 4072 2256 4127 κάτω
2294 4074 2350 4128 ἐν
2385 4073 2689 4142 ἐκκλησίαις
2717 4093 2995 4146 χοροστα-

384 4155 603 4219 τοῦντες
639 4154 935 4233 ἄνθρωποι
972 4156 1067 4227 τὴν
1106 4155 1271 4226 αὐτὴν
1308 4158 1526 4221 ἐκείνοις
1561 4157 1912 4230 ἐκμιμοῦνται
1947 4159 2269 4231 δοξολογίαν
2291 4179 2304 4191 ·
2362 4156 2474 4215 ἅνω
2512 4159 2577 4214 τὰ
2595 4164 2862 4237 “σεραφὶμ
2898 4159 2994 4217 τὸν

382 4241 667 4318 τρισάγιον
715 4243 885 4315 ὕμνον
932 4240 1145 4316 ἀναβοᾷ
1166 4282 1180 4310 ,
1241 4240 1386 4297 κάτω
1435 4244 1528 4298 τὸν
1577 4241 1748 4299 αὐτὸν
1795 4243 1830 4315 ἤ
1878 4243 1983 4300 τῶν
2032 4242 2355 4321 ἀνθρώπων
2391 4244 2699 4318 ἀναπέμπει
2735 4246 2994 4317 πληθύς·

381 4329 531 4400 κοινὴ
585 4329 692 4385 τοῖν
740 4331 1076 4408 ἐπουρανίων
1119 4331 1211 4384 καὶ
1254 4326 1360 4384 τῶν
1408 4329 1658 4403 ἐπηείων
1705 4341 2079 4407 συγκροτεῖται
2128 4333 2466 4411 πανήγυρις,
2520 4347 2621 4405 μία
2650 4331 2994 4410 εὐχαριστία,

390 4417 447 4473 ἓν
484 4413 816 4490 ἆγαλλίαμα,
854 4423 955 4489 μία
993 4413 1331 4492 εὐφρόσυνος
1366 4423 1726 4493 lopun-mola.

1796 4421 2048 4491 chrysost.
2083 4420 2276 4476 homil.
2315 4422 2348 4476 Ι.
2387 4421 2442 4476 in
2481 4421 2604 4477 lsai.
2643 4423 2693 4489 6,
2733 4424 2780 4476 1.
