3175 5234
2643 267 2774 332 15⁷

959 661 1128 736 750.
1210 662 1324 733 De
1377 686 1518 733 uno
1573 661 1999 735 consessore.

161 867 541 948 Gratulare,
586 882 830 949 sponsa
866 862 1140 949 Christi,

160 989 312 1053 quae
362 987 489 1052 per
534 965 729 1030 fidem
775 965 1055 1048 genuisti

161 1074 384 1136 virum
427 1070 592 1133 tanti
634 1069 908 1133 nominis
927 1116 946 1151 ,

161 1258 236 1324 In
284 1274 421 1339 quo
464 1262 656 1337 pater
700 1253 1016 1337 gloriatur

164 1370 232 1426 et
275 1361 558 1424 virtutes
604 1364 943 1441 operatur,
1386 1357 1425 1418 5

162 1463 389 1549 gaude
410 1512 428 1546 ,
472 1469 683 1526 mater
727 1461 978 1527 nobilia.

165 1649 420 1716 Plaude
467 1670 693 1732 manu,
740 1667 908 1717 voce
952 1649 1192 1731 clama,

169 1755 571 1820 confessoris
615 1774 739 1838 per
781 1761 848 1818 te
894 1754 1066 1818 fama

170 1866 434 1925 creseat
475 1867 545 1922 et
588 1858 933 1939 memoria3

172 2047 404 2113 Crevit
444 2047 613 2109 enim
658 2052 808 2110 ante
859 2045 1081 2129 deum,
1350 2047 1429 2111 10

176 2151 287 2233 qui
334 2152 599 2215 beatum
642 2149 799 2213 fecit
844 2168 990 2213 eum

173 2254 241 2317 in
287 2253 541 2317 coelesti
586 2253 830 2335 gloria3

182 2439 392 2526 Gujus
436 2447 633 2524 caput
676 2448 744 2503 et
787 2439 1084 2505 doctrina

178 2546 372 2628 quasi
414 2544 606 2608 stella
649 2545 959 2607 matutina

180 2649 361 2713 lucet
402 2647 470 2711 in
507 2654 912 2730 perpetuum.
1353 2644 1432 2707 15

180 2838 315 2903 Per
360 2844 426 2900 te
471 2835 711 2918 flagrat
748 2835 892 2901 haec
937 2834 1205 2899 lucerna

174 2942 486 3025 praebens
531 2939 656 3002 iter
699 2936 783 3002 ad
827 2955 1146 3021 superna,

178 3043 346 3108 deus
394 3041 807 3105 exercituum.

177 3229 331 3295 Non
372 3230 441 3292 in
483 3248 643 3293 vase
686 3248 808 3294 nec
853 3230 972 3292 sub
1019 3227 1189 3291 lecto

180 3331 568 3411 constituta,
613 3330 732 3393 sed
774 3331 843 3394 in
886 3335 1063 3393 tecto

178 3433 417 3517 procul
457 3432 700 3517 sparsit
740 3430 976 3495 radios.

1526 863 1815 930 Caritate
1859 865 2198 946 rutilabat,

1526 969 1804 1033 veritate
1850 968 2263 1048 fulminabat,

1526 1079 1783 1134 terrens
1828 1069 2263 1134 adversarios.

1526 1257 1704 1323 Ecce
1745 1230 1997 1342 Jo'seph
2040 1258 2433 1340 fortunatae,
2693 1260 2777 1324 25

1527 1361 1632 1424 vir
1675 1379 2058 1426 accrescens
2105 1367 2172 1424 et
2215 1363 2531 1444 probatus

1527 1467 1595 1531 in
1642 1476 1994 1552 conspectu
2037 1467 2364 1552 principis.

1530 1654 1653 1722 nio
1696 1666 1923 1741 aperte
1969 1659 2340 1725 declaratur
2363 1707 2381 1742 ,

1533 1776 1661 1839 qua
1704 1758 1943 1823 virtute
1989 1759 2307 1843 dirigatur

1531 1861 1642 1924 via
1683 1861 1811 1924 viri
1847 1862 2173 1946 simplicis.
2697 1864 2782 1929 30

1534 2045 1588 2110 0
1637 2066 1826 2128 quam
1868 2050 2157 2132 prudens
2203 2056 2272 2114 et
2313 2047 2525 2114 fidelis

1395 2166 1406 2173 “
1535 2150 1974 2234 dispensator,
2022 2152 2131 2233 qui
2174 2152 2238 2215 in
2285 2151 2467 2215 coelis

1535 2261 1717 2319 certo
1763 2253 2007 2336 gaudet
2052 2254 2264 2337 titulo,

1537 2443 1667 2510 Ubi
1713 2445 1937 2509 fruens
1982 2443 2287 2510 coelibatu
2304 2490 2323 2525 ,

1535 2563 1657 2610 nos
1702 2546 2005 2611 absolvat
2049 2565 2090 2609 a
2135 2551 2322 2609 reatu
2704 2545 2786 2607 35

1535 2648 1764 2713 mortis
1810 2655 1877 2714 et
1910 2649 2223 2733 periculo.

1536 2832 1772 2899 Praebe
1817 2835 1992 2918 pias,
2036 2843 2257 2918 pater,
2304 2852 2530 2915 aures,

1538 2937 2018 3017 qualescunque
2064 2954 2241 3001 sume
2288 2935 2515 3001 laudes
2537 2983 2555 3018 ,

1536 3037 1770 3103 doctor
1813 3039 2269 3120 celeberrime,

1534 3223 1764 3289 Funde
1807 3244 2041 3309 preces
2087 3222 2263 3309 apud
2308 3223 2653 3307 Christum,
2699 3224 2794 3286 40

1352 3325 1436 3388 20
1539 3333 1612 3390 ut
1654 3327 1970 3391 instauret
2016 3327 2280 3390 chorum
2322 3325 2516 3388 istum

1537 3429 1689 3512 paci
1732 3428 2196 3493 saluberrimae.

365 3618 428 3672 ln
465 3616 622 3671 einer
655 3615 1225 3688 Hymnensammlung
1259 3615 1362 3670 der
1395 3615 1494 3671 Hs.
1531 3632 1601 3670 zu
1637 3615 1808 3672 Gratz
1843 3618 1967 3687 42s6
2003 3615 2102 3671 des
2140 3616 2207 3668 12
2241 3611 2439 3670 Jahrb.

371 3740 440 3791 15
473 3742 768 3809 perpetua,
804 3737 900 3792 Hs.
959 3739 1031 3790 40
1066 3735 1238 3806 illum,
1275 3734 1373 3791 Hs.
1433 3735 1531 3793 Sia
1557 3736 1809 3793 schreibt
1836 3738 1980 3791 nach
2006 3737 2155 3793 alter
2180 3734 2381 3791 Weise
2413 3738 2490 3790 set
2522 3732 2634 3790 und
2662 3737 2801 3806 aput.

375 3858 440 3914 V.
474 3860 524 3914 8.
578 3856 953 3915 confessores.
1008 3857 1241 3926 Quoties
1276 3856 1421 3914 bene
1459 3857 1593 3928 quid
1607 3905 1611 3909 .
1627 3856 1860 3930 agimus,
1897 3857 2059 3911 deum
2094 3854 2436 3916 confitemur.
2489 3820 2703 3913 Hieron.
2740 3856 2800 3910 in

188 3962 286 4018 ep.
320 3945 396 4002 ad
429 3946 537 4002 Tit.
578 3950 627 4016 1,
666 3947 749 4001 16.

475 4230 646 4305 751.
718 4230 839 4301 De
890 4228 1301 4329 virginibus,
1371 4229 1642 4303 Puella
1686 4232 1962 4302 ltu-bata
2031 4228 2521 4324 (troparium).

185 4469 243 4531 1.
317 4464 579 4535 Scalam
625 4472 712 4538 ad
760 4474 962 4539 coelos

316 4575 720 4663 subrectam,
767 4580 1103 4643 tormentis
1149 4579 1442 4661 cinctam,

1549 4424 1610 4485 2.
1683 4418 1886 4505 Cujus
1928 4421 2058 4485 ima

1679 4524 1884 4589 draco
1928 4542 2197 4588 servare
2244 4529 2471 4590 cautus

1694 4627 1991 4710 invigilat
2024 4626 2304 4712 jugiter,
2696 4644 2701 4653 ·
2770 4631 2808 4689 5
