3175 5234
402 287 540 364 m

407 484 576 550 Hoec
617 481 1009 547 transfertur
1056 477 1240 562 Syna
1283 485 1532 561 monte,
1773 476 1877 542 Ex
1921 476 2133 558 regali
2178 477 2383 560 stirpe
2428 484 2581 541 nata

414 589 597 651 rivus
643 592 858 649 manat
904 584 1063 648 miro
1108 583 1319 662 sonte,
1776 580 2005 644 fundat
2050 598 2286 663 preces
2325 579 2452 644 deo
2496 590 2717 663 grata,

418 688 724 772 sepelivit
768 706 910 749 eam
957 691 1190 768 sponte
1267 759 1275 772 ·
1776 700 1984 746 noxas
2031 682 2236 765 pellat
2279 691 2348 746 et
2392 680 2667 765 peccata

505 789 884 872 angelorum
929 787 1144 875 legi04
1587 784 1672 845 20
1866 786 2136 868 virginis
2181 786 2408 849 oratiO.

602 976 698 1032 ns.
738 992 807 1029 zu
843 974 899 1030 S.
939 973 1137 1030 Gallen
1175 974 1264 1027 No
1302 973 1423 1025 457.
1461 974 1517 1027 S.
1558 974 1786 1026 133.·13
1822 973 2021 1027 Jahrb.
2060 972 2169 1042 (G)
2218 970 2332 1026 und
2368 962 2710 1026 Karlsruher
2748 972 3055 1045 Per-gella

418 1084 475 1122 o.
530 1065 637 1120 No.
690 1064 808 1133 (K)
873 1063 971 1117 des
1039 1064 1105 1114 15
1160 1061 1359 1116 Jahrb.
1423 1060 1522 1114 mit
1577 1060 1678 1114 der
1742 1059 1992 1114 Melodie.
2083 1060 2242 1114 Auch
2292 1059 2349 1113 in
2400 1060 2500 1114 der
2548 1057 2809 1126 ns.vl1,
2845 1060 2889 1111 2
2952 1060 3054 1114 des

421 1155 491 1207 15
527 1153 725 1209 Jahrb.
761 1168 828 1204 zu
866 1149 926 1204 S.
966 1147 1134 1203 Peter
1172 1147 1227 1200 in
1264 1145 1563 1217 salzburg.

594 1273 629 1324 5
666 1287 878 1325 summo
916 1285 1056 1339 rege
1091 1268 1160 1322 K.
1256 1268 1322 1320 14
1363 1283 1556 1324 manus
1595 1267 1668 1337 G,
1725 1267 1994 1337 impunita
2029 1262 2124 1321 fiir
2161 1265 2356 1322 inulta.
2457 1237 2537 1320 17⁴
2579 1271 2636 1322 et
2672 1264 2771 1322 fiir
2807 1268 2947 1322 haec
2987 1268 3051 1337 G,

420 1359 525 1414 der
572 1358 729 1413 Reim
787 1355 1011 1411 fordert
1060 1354 1148 1407 ein
1200 1354 1436 1408 anderes
1489 1353 1760 1421 Verbum,
1815 1360 1992 1407 etwa:
2051 1353 2368 1408 collocatur
2405 1352 2461 1409 S:
2500 1369 2565 1407 m.
2628 1356 2745 1426 vgl.
2784 1356 2923 1421 991,
2967 1359 3052 1409 15.

418 1447 492 1499 22
527 1441 696 1497 funde
735 1442 814 1509 K,
879 1441 1032 1495 diese
1083 1441 1178 1494 ns.
1230 1441 1329 1493 hat
1378 1441 1519 1493 auch
1575 1438 1881 1512 folgenden
1929 1440 2192 1510 SchlusS,
2255 1441 2359 1494 der
2395 1441 2551 1495 nicht
2599 1458 2667 1495 zu
2704 1442 2830 1497 dem
2870 1442 3055 1497 Liede

425 1532 793 1683 ge''fita-aun,
829 1615 1016 1669 honor
1049 1627 1264 1683 sponso
1300 1614 1581 1684 virginum
1894 1616 1987 1686 qui
2025 1632 2129 1670 nos
2164 1615 2495 1671 Katherinae
2531 1617 2746 1672 meritis

639 1705 699 1756 et
735 1716 879 1756 nunc
917 1706 975 1754 et
1010 1700 1067 1754 in
1104 1707 1462 1770 perpetuum,
1885 1701 2200 1774 conjungat
2235 1701 2366 1755 coeli
2401 1702 2636 1772 gaudiis.

603 1823 670 1877 V.
711 1826 757 1877 1.
803 1822 985 1894 νύμφη
1021 1820 1285 1895 Χριστοῦ.
1335 1821 1478 1876 Nov.
1515 1824 1601 1875 25.

602 1910 668 1963 V.
707 1911 758 1964 5.
795 1908 966 1979 πόθῳ
1003 1911 1420 1982 πυρπολουμένη
1454 1907 1554 1963 τοῦ
1590 1906 1866 1965 δεσπότου
1903 1929 2006 1965 σου
2041 1913 2131 1963 καὶ
2168 1907 2399 1980 ζητοῦσα
2437 1908 2629 1966 τούτου
2660 1909 2718 1966 τὸ
2751 1908 3056 1984 ἀμήχανον

426 1994 624 2060 κάλλος
667 1994 1020 2053 θεάσασθαι.
1072 1995 1205 2050 ibid.

817 2282 989 2354 990.
1059 2281 1175 2350 De
1224 2304 1277 2349 s.
1330 2277 1741 2378 nuthet-ina.
1806 2277 2104 2377 hymnus
2157 2277 2248 2350 ad
2305 2304 2651 2379 vesperas·

426 2483 542 2551 Ad
583 2484 960 2549 Katherinae
1005 2485 1295 2567 nuptias,
1783 2479 2076 2547 Advenit
2118 2491 2186 2546 et
2229 2481 2467 2548 deifica

427 2587 743 2670 pincerna
788 2604 1057 2666 quarum
1102 2583 1397 2649 Christus
1445 2595 1573 2670 est,
1686 2633 1692 2639 -
1784 2586 1849 2649 in
1893 2603 2226 2649 carcerem
2269 2585 2648 2668 praesentia,

427 2705 637 2752 novas
683 2688 968 2750 ferentes
1013 2686 1348 2770 lampades
1785 2688 2228 2769 agonithetam
2271 2689 2543 2752 visitans
2962 2695 3051 2754 15

428 2808 641 2856 sacrae
684 2789 901 2853 venite
946 2790 1252 2871 virgines.
1784 2800 1852 2855 et
1897 2789 1981 2854 ad
2024 2791 2399 2874 palaestram
2443 2793 2783 2856 roborans

423 2981 501 3048 In
545 2979 848 3062 virginali
893 2998 1174 3063 corpore
1639 2984 1678 3045 5
1784 2979 1839 3044 Ο
1885 2982 2074 3064 virgo
2119 2983 2259 3047 sole
2306 2985 2575 3066 clarior,

429 3083 655 3167 sponsi
699 3083 796 3147 sui
844 3083 969 3154 fert
1016 3083 1317 3164 stigmata
1786 3084 2125 3167 confringe
2167 3095 2454 3151 nostrum
2501 3106 2868 3173 carcerem,

429 3193 498 3251 et
540 3187 713 3251 facta
758 3187 1015 3270 pinguis
1064 3187 1274 3252 hostia
1787 3185 1970 3268 cujus
2012 3205 2133 3251 nos
2177 3196 2345 3253 tetra
2396 3190 2658 3255 caecitas

426 3297 750 3355 tormenta
794 3299 1012 3354 cassat
1056 3293 1286 3356 omnia.
1730 3333 1737 3338 -
1784 3289 2028 3371 lutiqne
2073 3289 2334 3355 damnat
2376 3292 2665 3375 foeditas,
2950 3296 3044 3358 20

425 3477 501 3544 In
549 3479 831 3543 carceris
879 3480 1158 3562 caligine
1784 3472 1872 3539 Ut
1915 3490 2034 3538 nos
2080 3476 2265 3539 laves
2311 3497 2351 3540 a
2396 3477 2696 3543 sordibus
2719 3526 2737 3560 ,

426 3581 735 3664 templum
782 3579 888 3643 dei
934 3580 1084 3645 dnm
1132 3580 1470 3662 clauditur,
1599 3583 1679 3646 10
1783 3579 1961 3643 levet
2003 3581 2201 3644 beata
2245 3582 2498 3645 trinitas

429 3682 696 3745 coeleste
740 3683 957 3746 lumen
1003 3685 1236 3747 emicat
1781 3690 1937 3765 post
1982 3681 2154 3747 festa
2201 3686 2573 3750 transitoria

427 3791 498 3846 et
542 3785 750 3848 noctis
795 3787 1085 3849 umbram
1129 3786 1391 3869 effugat.
1786 3784 1871 3848 ad
1916 3787 2296 3868 angelorum
2342 3790 2600 3871 gaudia.

615 3963 960 4022 Karlsruher
997 3963 1088 4022 ns.
1127 3983 1178 4023 o.
1215 3967 1320 4025 No.
1359 3969 1443 4025 Bl.
1478 3971 1564 4025 45.
1606 3971 1705 4027 mit
1741 3973 1845 4026 der
1880 3973 2150 4042 Melodie,
2198 3990 2301 4030 aus
2339 3977 2462 4031 dem
2499 3979 2568 4032 14
2602 3976 2802 4032 Jahrh.
2879 3978 3057 4034 Nacta

432 4052 621 4108 seiner
658 4052 999 4109 class'uehen
1037 4055 1247 4111 Μαι-ὓ(
1282 4057 1359 4112 ist
1394 4057 1494 4113 das
1530 4058 1667 4113 Lied
1703 4059 1819 4112 viel
1856 4059 2016 4115 alter.

862 4338 1033 4412 991.
1105 4338 1190 4410 ln
1247 4338 1460 4412 natali
1519 4364 1573 4410 s.
1624 4338 2066 4434 Ratherinae,
2118 4342 2208 4414 ad
2264 4369 2613 4443 vesperas.

425 4538 837 4604 Gratnlemnr
881 4542 944 4606 in
989 4542 1238 4608 honore
1785 4563 1931 4625 quae
1976 4544 2434 4636 divino-plena
2481 4567 2633 4614 rore

507 4639 887 4706 Katherinae
932 4647 1234 4730 virginis,
1868 4663 1997 4710 non
2044 4666 2280 4712 curans
2323 4652 2708 4735 propaginis
