3175 5234
1074 699 1243 773 730.

181 913 342 980 Ave
391 923 633 982 sancte
676 914 894 1000 Luca,
941 916 1047 982 dei

268 1022 591 1086 scribens
636 1022 1078 1105 evangelium,
1133 1037 1137 1044 ’

180 1123 378 1188 firma
430 1123 571 1188 fide
615 1145 872 1210 semper
918 1127 979 1190 ei

268 1228 567 1293 exhibes
614 1230 1009 1312 obsequium.

182 1389 351 1456 Olim
404 1393 621 1460 dabas
666 1392 1067 1460 medicamen

266 1493 602 1559 morbidis
648 1496 1059 1579 corporibus,

189 1595 506 1678 spiritale
550 1615 721 1660 nunc
765 1613 1075 1660 sanamen

267 1695 402 1760 das
449 1695 723 1760 infirmis
768 1697 1096 1764 cordibus,

188 1857 469 1945 Scripta
512 1868 625 1926 tua
669 1861 990 1928 medicina

269 1977 435 2031 sunt
483 1968 851 2051 languentis
897 1970 1162 2053 animae,

187 2087 311 2151 per
359 2091 518 2153 quae
562 2072 778 2154 gratia
820 2072 1041 2137 divina

270 2181 568 2238 mentem
611 2181 800 2239 sanat
840 2175 1081 2240 intime.

188 2330 277 2400 Ut
319 2336 669 2402 Iohannes
711 2338 1072 2403 increatum

277 2438 526 2522 aquilae
569 2440 689 2504 sub
731 2439 988 2503 nomine
1007 2486 1027 2521 ,

189 2548 260 2606 ut
300 2542 663 2608 Matthaeus
705 2544 1106 2609 incarnatum

277 2644 598 2711 describit
636 2646 706 2709 in
748 2644 1035 2729 homine,

195 2805 396 2874 Velut
435 2809 698 2874 Marcus
743 2816 1193 2893 resurgentem

277 2914 406 2977 sub
448 2910 659 2976 leonis
704 2912 887 2975 titulo
907 2959 925 2993 ,

197 3013 289 3079 sio
331 3023 409 3079 tu
457 3012 784 3079 Christum
826 3015 1209 3082 morientem

274 3116 588 3199 designas
629 3117 697 3181 in
742 3117 963 3181 vitulo.

195 3274 382 3346 Sicut
424 3279 592 3343 enim
636 3282 757 3343 bos
801 3287 1089 3344 maturus

276 3389 384 3446 est
430 3381 673 3446 divisus
718 3383 994 3464 ungula,

198 3482 277 3546 ad
317 3485 615 3548 laborem
661 3503 913 3549 omnem
959 3483 1155 3548 durus
1173 3532 1193 3566 ,

277 3587 609 3651 ruminans
652 3609 774 3673 per
819 3589 1104 3670 singula:

200 3745 304 3815 Sic
353 3749 673 3815 discretus
717 3753 783 3814 in
830 3749 1137 3835 agendis»,

275 3853 468 3918 sortis
514 3855 579 3917 in
622 3854 996 3936 laboribuS,

200 3957 520 4038 studiosus
564 3958 628 4021 in
676 3958 1036 4040 scribendis

278 4081 351 4124 es
398 4069 685 4125 maturus
729 4062 1033 4126 moribus,

2696 286 2821 352 141

1321 701 1440 771 De
1491 726 1546 773 s.
1591 700 1794 774 Luca
1848 727 1954 774 ev.

1567 922 1777 1007 Virgo
1822 942 2080 1008 semper
2118 929 2527 1009 permansisti

1655 1034 1829 1090 totus
1875 1027 2075 1092 corde
2098 1076 2115 1110 ,
2162 1047 2439 1113 corpore
2459 1080 2478 1115 ,
2733 1035 2819 1099 30

1565 1126 1773 1192 Paulo
1821 1146 2077 1210 quoque
2124 1128 2459 1196 adhaesisti

1656 1232 1827 1295 omni
1862 1232 2043 1314 loco,
2091 1239 2402 1318 tempore,

1418 1395 1459 1458 5
1566 1392 1689 1471 Qui
1732 1395 1963 1459 beatus
2011 1400 2370 1477 occupatur

1651 1497 1841 1563 verbi
1886 1497 2229 1579 exercitiO,

1564 1616 1729 1683 ergo
1774 1607 1886 1664 tua
1919 1599 2316 1683 praedicatur
2732 1603 2816 1667 35

1648 1703 1792 1767 laus
1836 1704 1904 1767 in
1948 1704 2313 1787 evangelio.

1559 1865 1914 1933 Pneumate
1961 1868 2154 1935 obisti
2196 1869 2429 1953 plenus

1376 1973 1455 2037 10
1651 1970 1824 2035 almo
1867 1971 1933 2034 in
1978 1969 2318 2053 Bithynia,

1558 2074 1742 2138 locus
1787 2080 1963 2137 tenet
2006 2081 2073 2138 te
2110 2091 2399 2138 amoenus

1644 2176 1713 2240 in
1758 2176 2010 2241 coelesti
2052 2176 2284 2259 patria.
2725 2176 2813 2243 40

1557 2336 1803 2405 Sancte
1848 2337 2064 2421 Luca,
2111 2358 2233 2422 per
2260 2337 2593 2404 „medelam

1645 2447 1821 2506 tuam
1864 2459 2027 2505 sana
2068 2440 2344 2504 vulnera

1368 2543 1451 2607 15
1560 2545 1792 2609 mentis
1835 2563 2031 2625 meae,
2077 2541 2163 2607 da
2206 2544 2564 2628 cautelam,

1643 2666 1728 2711 ne
1771 2654 2150 2732 rumpantur
2194 2654 2440 2712 vetera.

1558 2807 1793 2875 Cesset
1835 2829 1957 2893 per
2000 2816 2068 2873 te
2110 2807 2318 2874 fastus
2362 2817 2575 2875 tumor
2724 2810 2808 2874 45

1644 2921 1712 2976 et
1753 2914 1925 2978 livor
1967 2912 2230 2979 invidiae
2245 2960 2264 2995 ,

1554 3015 1675 3080 irae
1718 3016 1885 3097 furo,
1932 3015 2146 3079 carnis
2193 3015 2454 3096 humor,

1361 3117 1446 3181 20
1643 3116 1924 3197 languor
1968 3115 2471 3197 gastrimargiae‚

1552 3276 1795 3341 Mentis
1839 3283 2092 3358 torpor,
2139 3281 2338 3338 tenax
2380 3276 2600 3357 rigor,

1641 3398 1825 3446 amor
1868 3379 2286 3461 cenodoxiae,
2722 3382 2807 3445 50

1556 3486 1715 3550 assit
1759 3486 2067 3569 spiritalis
2110 3486 2305 3568 vigor

1642 3606 1785 3652 cum
1829 3586 2034 3651 fluore
2079 3588 2330 3671 gratiae.

1362 3753 1446 3815 25
1553 3747 1622 3816 A
1665 3770 1770 3814 me
1806 3750 2059 3816 hostem
2102 3752 2262 3836 fuga
2306 3761 2586 3838 trucem,

1642 3873 1870 3937 pacem
1917 3853 2004 3918 da
2049 3857 2443 3940 continuam,

1545 3958 1743 4041 juxta
1785 3976 2019 4022 nomen
2064 3966 2239 4023 tuum
2278 3961 2489 4025 lucem
2723 3961 2806 4022 55

1643 4078 2009 4144 consequar
2052 4071 2453 4146 perpetuam.

369 4237 763 4293 Reichenauer
797 4239 892 4293 Hs.
930 4238 1039 4293 No.
1078 4239 1166 4293 36.
1204 4235 1242 4292 f.
1284 4239 1386 4293 184
1423 4239 1519 4294 des
1558 4241 1628 4294 14
1644 4240 1841 4295 Jahrb.
1912 4240 2027 4292 Das
2062 4236 2197 4291 Lied
2234 4236 2312 4290 ist
2347 4252 2460 4292 von
2489 4236 2610 4291 dem
2636 4236 2808 4294 Prior

201 4320 419 4378 Kontat
455 4339 569 4378 von
607 4323 844 4394 Gaming
893 4323 1004 4377 und
1052 4323 1206 4378 steht
1253 4325 1398 4379 auch
1445 4324 1502 4379 in
1550 4326 1652 4380 der
1687 4325 2016 4394 Sammlung
2058 4322 2244 4376 seiner
2281 4322 2551 4381 Gedichte
2597 4325 2656 4380 in
2704 4325 2807 4382 der

198 4407 533 4466 Hiincbener
567 4410 662 4465 Hs.
702 4410 837 4466 Clm.
874 4410 981 4466 No.
1018 4411 1176 4464 3012.

363 4553 438 4607 33
487 4552 718 4624 quibus,
764 4552 861 4608 Hs.
881 4592 897 4623 ,
952 4550 1075 4606 wol
1117 4549 1562 4612 Schreibfehler.
1670 4554 1741 4610 35
1791 4567 1869 4624 go
1906 4553 2001 4607 tiir
2037 4566 2214 4623 ergo,
2270 4551 2367 4608 Hs.
2474 4555 2544 4609 45
2584 4557 2801 4610 vastus.

200 4637 267 4691 50
299 4636 393 4694 fu'r
428 4639 731 4705 κενοδοξία.
