3175 5234
508 413 624 467 Aus
661 407 960 464 derselben
996 404 1090 459 Rs.
1130 418 1199 456 zu
1233 399 1581 472 Engelberg.
1635 396 1720 450 Bl.
1759 395 1844 448 50.

516 532 584 588 V.
624 533 706 586 16.
753 533 1042 603 μετανοίας
1078 523 1277 601 ὁδηγός
1312 519 1599 596 σωτήριος.
1651 519 1794 587 Aug.
1830 515 1918 569 29.

1297 844 1470 917 650.
1539 842 1656 914 De
1709 836 1976 911 eodem.

343 1090 549 1157 Salve
593 1106 633 1153 o
679 1084 1077 1151 sanctissime
1698 1075 1783 1141 ad
1828 1074 2187 1139 Jordanem
2230 1072 2579 1153 increpans

427 1192 763 1258 mulierum
807 1196 992 1271 nate,
1784 1176 2012 1261 populi
2054 1181 2422 1258 peccatum,

344 1296 561 1380 angeli
609 1294 951 1358 dictamine
1699 1278 2091 1364 baptizando
2136 1294 2521 1360 praeparans

431 1398 768 1463 Johannes
814 1400 1080 1474 vocate,
1787 1384 1914 1446 iter
1959 1382 2085 1446 deo
2130 1386 2404 1462 gratum.

347 1500 574 1565 matris
620 1498 771 1561 alvo
808 1493 1066 1557 flamine
1557 1491 1597 1550 5

436 1620 629 1667 sacro
675 1604 1088 1678 consecrate,
1392 1632 1397 1635 -
1705 1571 1947 1653 salim,
1993 1572 2101 1654 qui
2145 1569 2508 1634 mortalium
2875 1570 2968 1632 25

346 1707 413 1772 in
459 1702 725 1770 lucerna
769 1701 1002 1785 gratiae
1793 1677 1969 1740 solus
2015 1675 2304 1738 meruisti

441 1807 684 1891 populo
728 1812 977 1888 parate,
1710 1798 1965 1844 sacrum
2009 1776 2291 1860 lymphis
2339 1784 2612 1857 tangere

1798 1888 1994 1964 caput
2035 1879 2245 1943 Jhesu
2291 1877 2561 1958 Christi3

355 1999 595 2079 Salve,
646 1996 754 2078 qui
797 1996 861 2059 in
907 1994 1171 2057 heremo
1711 1984 1917 2071 patris
1964 1983 2392 2047 testimonium

442 2102 706 2164 vixeras
750 2097 1056 2178 devotuS,
1527 2093 1606 2157 10
1800 2088 1882 2151 de
1920 2087 2095 2161 ‚coelo
2144 2087 2413 2168 audisti,
2763 2120 2770 2127 ·
2883 2088 2974 2150 30

358 2205 630 2268 vestitus
677 2202 887 2266 cilicio
1714 2194 1780 2257 in
1826 2192 2140 2256 columbae
2185 2190 2478 2273 spiritum

446 2314 516 2371 et
557 2306 827 2371 locustis
871 2304 1041 2368 fotus
1063 2352 1079 2384 ‚
1805 2293 2024 2374 specie
2069 2291 2304 2354 vidisti.

364 2409 612 2476 cunctis
658 2423 889 2471 carens
935 2405 1105 2467 vitiis
1125 2451 1142 2485 ,

450 2506 625 2573 unda
668 2507 782 2570 tibi
827 2512 1021 2588 potus
1040 2551 1059 2586 ‚
1720 2479 1923 2546 Salve
1969 2482 2207 2544 rubens
2253 2478 2474 2542 rosula

366 2636 409 2681 a
451 2610 672 2677 mundi
716 2609 955 2674 delitiis
1533 2606 1611 2667 15
1807 2585 2078 2668 proprio
2125 2600 2390 2665 cruore,

455 2716 701 2781 eminus
742 2718 1045 2775 remotus,
1719 2685 2026 2751 redOIOHS
2071 2692 2141 2749 Ut
2184 2685 2319 2748 lllia
2890 2684 2981 2746 35

1352 2780 1363 2789 ’
1810 2789 2114 2871 virginali
2158 2786 2348 2869 flore,

367 2897 572 2966 Salve
616 2914 840 2980 praeco
884 2895 1253 2980 praedicans
1726 2911 1942 2958 sumas
1986 2882 2148 2955 haec‘
2179 2891 2511 2974 praeconia

462 3000 787 3065 Christum
832 3001 975 3064 orbi
1020 3006 1238 3062 natum
1814 2995 1896 3059 de
1942 3013 2044 3057 me
2089 2999 2439 3077 peccatore

369 3113 437 3170 et
480 3110 871 3189 praesentem
914 3102 1208 3166 indicans
1728 3106 1796 3163 et
1843 3097 2006 3161 affer
2051 3097 2365 3185 solamina

462 3209 668 3292 digito
711 3216 1157 3287 monstratum,
1531 3206 1618 3269 20
1813 3201 2037 3265 mortis
2082 3202 2149 3264 in
2192 3201 2528 3281 languore.
2893 3206 2996 3271 40-

550 3392 631 3450 ns
668 3410 738 3447 zu
775 3392 1107 3459 Karlsruhe,
1146 3376 1317 3447 o.No.
1353 3405 1404 3444 v.
1437 3390 1577 3443 1439
1616 3390 1730 3460 (K)
1767 3391 1855 3445 Bl.
1894 3392 1980 3445 68.
2053 3391 2149 3447 Hs.
2187 3408 2257 3445 zu
2292 3391 2491 3459 Mainz,
2528 3391 2673 3461 Aug.
2709 3388 2816 3442 No.
2854 3389 2981 3443 439.

374 3481 464 3538 Bl.
484 3482 604 3535 176.
626 3480 744 3553 (Μ)
763 3472 862 3533 ¹(les
884 3481 950 3531 15
974 3478 1170 3533 Jahrb.
1195 3477 1294 3530 mit
1322 3476 1423 3530 der
1440 3476 1825 3547 Bemerkung:
1864 3477 2032 3533 debet
2065 3479 2188 3532 haec
2225 3478 2414 3533 oratio
2451 3476 2570 3547 legi
2604 3474 2779 3530 tertia
2815 3472 2981 3545 feria,

372 3566 595 3636 quando
643 3565 908 3619 visitatur
955 3565 1162 3618 chorus
1209 3561 1629 3632 prophetarum.
1698 3562 1864 3617 Diese
1901 3564 1996 3618 ns.
2034 3560 2165 3635 ffigt
2197 3564 2344 3619 noch
2381 3559 2650 3634 fulgendo
2686 3560 2982 3632 Strophen

376 3652 501 3723 hei,
538 3652 629 3707 dic
667 3651 807 3705 aber
842 3667 912 3704 zu
949 3651 1051 3705 der
1086 3650 1310 3722 Anlage
1348 3650 1445 3705 des
1480 3649 1683 3705 Liedes
1721 3652 1877 3707 nicht
1911 3668 2131 3722 passen.

517 3756 735 3811 Precor
768 3768 873 3824 per
908 3754 1192 3824 laetitiam,
1870 3757 2087 3827 Perque
2125 3756 2505 3812 testimonium

592 3855 760 3911 quam
796 3846 927 3895 tunc
962 3841 1239 3912 habuisti,
1941 3844 2140 3914 patris,
2178 3844 2330 3914 quod
2367 3843 2499 3912 (de)
2540 3843 2701 3898 coelis

525 3926 735 3987 Christi
772 3926 899 3982 dum
934 3927 1231 3983 innocuam
1875 3929 2063 3997 audis,
2103 3935 2161 3984 et
2193 3944 2297 3998 per
2333 3929 2592 3999 spiritum

595 4029 819 4069 carnem
855 4013 1114 4069 obtulisti
1133 4055 1149 4084 ‚
1943 4017 2123 4072 visum
2159 4017 2294 4073 mihi
2328 4016 2473 4071 velis

525 4105 779 4155 cunctam
814 4099 1211 4155 immunditiam
1878 4102 2031 4159 ferre
2068 4120 2213 4159 nunc
2247 4094 2571 4175 praesidium

597 4201 806 4258 agnus,
843 4192 906 4242 ut
940 4186 1160 4257 dixisti,
1948 4188 2259 4244 daemonum
2296 4205 2332 4243 a
2366 4190 2528 4258 teliS,

524 4273 724 4342 tollat,
759 4274 1137 4329 innocentiam
1873 4276 2186 4345 pneumatis
2225 4273 2531 4344 hospitium

598 4360 802 4415 mundo
839 4360 1044 4415 reddat
1080 4360 1243 4414 tristi.
1947 4361 2159 4418 factum
2195 4364 2332 4418 dare
2371 4361 2546 4417 coelis.

562 4504 597 4555 2
624 4499 874 4555 mulieris
904 4501 971 4556 κ.
1026 4503 1060 4557 s
1088 4502 1312 4574 populis
1340 4502 1409 4574 K,
1445 4504 1563 4576 νει
1580 4505 1667 4560 22.
1716 4506 1751 4559 9
1782 4504 2024 4559 heremis
2042 4504 2112 4561 Μ.
2159 4507 2227 4558 ιο
2258 4501 2402 4559 fehlt
2420 4502 2542 4563 ΚΜ.
2588 4504 2652 4556 ιι
2685 4474 2900 4555 oeneus
2919 4502 2985 4570 κ,

387 4588 587 4644 ciliciis
624 4587 690 4644 M.
750 4590 816 4642 15
853 4593 911 4643 et
945 4589 1214 4646 virtutum
1250 4591 1451 4677 gratiis
1489 4592 1558 4648 Μ.
1609 4593 1678 4646 16
1713 4590 1914 4662 plenus
1950 4592 2118 4664 virgo
2155 4598 2309 4648 totus
2343 4593 2413 4648 M.
2467 4594 2538 4647 23
2575 4590 2892 4663 praedicans
2919 4589 2984 4646 K.
