3175 5234
1075 668 1246 743 947.
1318 611 1403 739 In
1456 664 1910 742 translatione
1968 690 2023 736 s.
2077 661 2408 736 Ger-ordi.

933 851 1100 919 Goeli
1144 853 1520 918 continuum*
1557 852 1840 934 civibus,
1887 869 2165 917 annuum

935 958 1172 1022 festum
1215 955 1639 1021 concelebret
1674 955 1863 1038 plebs
1906 955 2048 1037 pia,
2093 950 2401 1034 gaudium

940 1059 1188 1126 cunctis
1233 1056 1616 1140 magnificus
1662 1056 1835 1138 quod
1878 1055 1991 1120 dat
2036 1055 2383 1120 ovantibus

936 1162 1299 1244 Gerardus,
1345 1162 1588 1225 meritis
1634 1159 1930 1227 laudibus
1974 1160 2246 1225 inclitus.

937 1333 1010 1400 In
1057 1334 1249 1399 terris
1293 1334 1546 1417 positus
1594 1332 1811 1396 sidera
1855 1330 2107 1395 transiit
2976 1322 3004 1384 5

936 1438 1427 1520 exemplumque
1472 1436 1590 1500 fuit
1632 1436 1915 1500 moribus
1960 1432 2244 1517 optimis,

939 1542 1036 1605 sic
1079 1541 1295 1606 clarus
1339 1540 1570 1606 meruit
1618 1539 1870 1604 coelitus
1916 1535 2140 1618 evehi,

939 1642 1120 1708 Tulli·
1151 1642 1514 1725 suscipiens
1559 1642 1774 1708 munia
1816 1639 2136 1725 praesulis.

942 1814 1265 1880 Virtutum
1309 1813 1578 1879 rutilans
1625 1812 1860 1877 lumine
1905 1810 2249 1896 splendido

940 1920 1240 1984 instruxit
1281 1918 1593 2003 populum
1637 1916 1941 2000 dogmate
1986 1915 2240 1996 vivido,
2946 1900 3005 1962 1⁰

943 2023 1120 2105 quod
1164 2023 1385 2087 verbis
1431 2019 1690 2101 docuit,
1748 2019 2016 2104 protulit
2060 2018 2343 2095 actibus„

941 2126 1187 2190 moestis
1231 2124 1630 2208 compatiens
1654 2139 1752 2185 ·se
1796 2121 1977 2186 dedit
2021 2120 2332 2185 omnibus,

942 2295 1199 2360 Victum
1243 2293 1643 2379 pauperibus
1694 2291 1942 2375 largius
1987 2298 2290 2371 auxerat,

939 2399 1006 2461 in
1053 2392 1258 2461 forma
1303 2396 1625 2462 dominum
1666 2414 1959 2480 paupere
2005 2393 2296 2474 viderat,

939 2501 1159 2564 vinum
1206 2497 1319 2562 dat
1365 2498 1509 2563 fieri
1553 2499 1884 2582 lymphica
1928 2497 2193 2581 pocula,
2946 2479 3006 2542 15

943 2603 1138 2667 solvit
1182 2602 1495 2687 pestifera
1538 2601 1847 2685 languida
1891 2617 2188 2684 corpora.

944 2771 1058 2839 Sic
1101 2775 1314 2840 multis
1359 2774 1565 2856 viguit
1610 2773 1867 2839 dotibus
1912 2782 2195 2852 actuum,

941 2897 1120 2943 nunc
1160 2895 1366 2961 regno
1409 2878 1641 2943 fruitur
1683 2883 1957 2961 perpete
2004 2875 2281 2941 coelitum
2305 2922 2323 2956 ,

956 2997 1084 3062 quo
1127 2982 1369 3046 sanctis
1415 2980 1720 3063 precibus
1765 2987 2025 3059 tergere
2070 2976 2337 3042 crimina

942 3083 1276 3167 dignetur,
1322 3086 1604 3148 retinent
1648 3098 1810 3163 quos
1855 3081 2024 3146 mala
2071 3081 2283 3144 noxia.
2940 3058 3006 3123 2⁰

946 3256 1087 3321 Hoc
1132 3261 1403 3339 praestet
1448 3253 1656 3318 deitas
1699 3254 1915 3334 unica,
1963 3252 2243 3334 trinitas,

947 3359 1050 3424 cui
1095 3357 1322 3422 laudes
1366 3357 1597 3422 reboat
1641 3355 1868 3421 coelica
1913 3354 2232 3437 dignitas,

943 3482 1023 3528 ac
1067 3481 1186 3527 nos
1231 3463 1334 3527 hic
1374 3460 1643 3528 maculis
1688 3460 1981 3544 pluribus
2026 3459 2218 3524 obsiti

944 3575 1204 3630 oramus
1248 3563 1505 3628 veniam
1549 3561 1806 3628 fletibus
1849 3562 2100 3627 intimis

618 3745 716 3799 Hs.
751 3762 821 3798 zu
855 3744 1128 3799 Miinchen
1165 3746 1299 3801 Clm.
1339 3747 1541 3823 10909„
1576 3760 1680 3799 aus
1717 3746 1842 3801 dem
1876 3741 2104 3815 Anfang
2141 3743 2240 3798 des
2277 3743 2347 3796 16
2385 3742 2613 3811 Jahrb„
2662 3739 2761 3794 das
2793 3726 2918 3789 Lied
2947 3721 3007 3776 Μ

444 3831 585 3886 aber
620 3832 807 3887 seiner
841 3831 1009 3887 Form
1042 3834 1187 3886 nach
1223 3831 1390 3899 alter,
1429 3831 1542 3886 und
1576 3847 1693 3888 von
1726 3832 1905 3887 einem
1940 3829 2364 3887 franziisischen
2389 3829 2638 3887 Dichter.

619 3940 648 3993 1
688 3937 866 4006 coelis,
902 3936 999 3992 Hs·
1070 3938 1104 3990 2
1143 3935 1409 4006 celebret,
1444 3936 1538 3992 Hs.

1126 4221 1298 4296 948.
1353 4222 1476 4292 De
1526 4246 1582 4291 s.
1638 4217 2015 4293 Gerdrude
2071 4221 2363 4319 virgine.

442 4422 497 4488 0
542 4423 907 4506 Get-trudis,
949 4442 1193 4508 sponsa
1239 4421 1516 4507 Christi,
1792 4427 2065 4493 ,ihesum
2110 4422 2436 4490 Christum
2482 4419 2735 4506 elegisti

442 4532 511 4588 tu
552 4526 927 4609 pestiferum
973 4527 1278 4609 sprevisti
1793 4550 1935 4615 prae
1978 4530 2254 4594 terrenis
2302 4537 2368 4594 et
2410 4528 2630 4595 vixisti
2967 4499 3000 4562 ⁵

527 4635 594 4693 te
637 4627 957 4693 inhianter
994 4629 1394 4716 diligentem
1870 4633 2084 4717 juste,
2129 4641 2344 4717 caste,
2372 4642 2457 4710 „et
2501 4622 2965 4709 resa-ingentem
