3175 5234
770 704 985 778 1122.
1065 703 1184 776 De
1235 700 1481 776 eodem
1506 752 1532 797 ,
1585 700 1678 775 ad
1729 701 2124 774 matutinas.

134 923 352 992 Adest
394 924 752 1011 triumphus
805 925 1040 992 nobilis
1486 925 1831 994 Roborare
1877 927 2028 995 dum
2072 926 2294 992 nititur
2346 966 2354 974 -

138 1031 504 1115 festumque
548 1030 697 1097 coeli
741 1028 937 1095 curiae
951 1078 969 1113 ‚
1488 1028 1683 1094 fidem
1727 1030 1916 1098 verbi
1958 1027 2321 1115 praeconio,
2659 1027 2741 1091 10

144 1149 273 1215 quo
314 1149 472 1197 rosa
516 1129 920 1196 delectabilis
1164 1168 1169 1173 -
1491 1148 1618 1215 pro
1662 1152 1742 1198 ea
1787 1133 2051 1199 tandem
2097 1128 2370 1197 caeditur

143 1234 417 1301 offertur
460 1234 604 1317 regi
648 1233 897 1316 gloriae.
1494 1230 1950 1299 haereticorum
1994 1229 2235 1315 gladio.

136 1420 375 1488 Petrus
421 1419 543 1485 flos
585 1419 1082 1505 pulchritudinis
1345 1421 1384 1483 5
1492 1418 1659 1487 Cum
1703 1422 1802 1486 sic
1844 1421 1911 1485 in
1954 1429 2145 1505 petra
2188 1418 2345 1504 tidei

140 1532 213 1589 et
254 1524 561 1588 virtutum
613 1522 970 1588 sacrarium
1489 1523 1671 1591 Petri
1714 1532 1890 1590 tenet
1933 1520 2216 1607 vestigia
2239 1570 2258 1606 ‚

86 1636 91 1641 ’
142 1626 388 1690 nullum
431 1624 688 1690 lethalis
733 1625 1014 1691 criminis
1491 1624 1577 1691 ad
1622 1634 1874 1711 petram
1922 1624 2248 1690 Christum
2291 1622 2570 1709 provehi
2661 1624 2741 1687 16

137 1728 357 1794 sensit
392 1746 670 1811 unquam
713 1729 1100 1811 contagium.
1492 1735 1780 1794 meretur
1824 1747 1969 1794 cum
2013 1728 2307 1793 victoria.

319 1926 438 1982 Ans
467 1922 762 1980 derselben
788 1924 885 1981 Hs.
955 1924 1050 1981 Hs.
1077 1940 1192 1981 von
1219 1922 1277 1982 S.
1305 1924 1474 1980 Peter
1499 1940 1570 1981 zu
1587 1924 1905 1981 Karhmhe
1939 1922 2048 1979 No.
2076 1924 2159 1978 32.
2188 1921 2288 1980 des
2318 1927 2384 1979 15
2400 1925 2597 1982 Jahrh.
2616 1926 2743 2001 (B).

316 2050 352 2102 ’ἵ
387 2046 643 2104 mortalis
680 2048 740 2105 B.
812 2051 847 2104 9
884 2064 1006 2105 cum
1042 2048 1104 2104 B.
1176 2050 1242 2102 11
1279 2063 1387 2118 pro
1423 2043 1535 2103 fide
1571 2047 1634 2104 B.

852 2330 1068 2407 1123.
1127 2332 1245 2404 De
1288 2328 1575 2425 eodem,
1628 2326 1721 2401 ad
1769 2326 2035 2400 laudes.

133 2536 413 2630 Exultet
457 2538 637 2603 claro
683 2536 899 2603 sidere
1499 2535 1879 2621 Triumphat
1918 2554 2039 2620 per
2084 2532 2464 2618 martyrium
2691 2616 2696 2623 ,

132 2641 404 2723 fulgens
449 2647 655 2704 mater
700 2641 978 2706 ecclesia
999 2688 1017 2723 ‚
1500 2638 1742 2706 Christi
1786 2639 1973 2727 fortis
2019 2638 2085 2701 in
2133 2637 2272 2702 acie
2297 2684 2314 2718 ,
2667 2635 2747 2698 10

138 2740 383 2811 Petrus
427 2750 675 2827 martyr
721 2743 786 2806 in
833 2742 1079 2806 aethere
1501 2759 1899 2808 conservans
1945 2757 2203 2824 semper
2247 2737 2446 2807 lilium

139 2862 328 2911 nova
369 2842 656 2927 profudit
699 2840 955 2927 gaudia.
1502 2843 1842 2925 virginalis
1886 2841 2234 2907 munditiae.

150 3035 421 3118 Pauper
442 3081 460 3116 ‚
502 3032 808 3118 pudicus,
851 3031 1105 3098 humilis
1359 3031 1399 3093 5
1502 3029 1654 3098 Lux
1702 3031 1882 3112 coeH,
1927 3031 2080 3094 vitae
2126 3030 2420 3095 meritum

146 3136 415 3204 Christo
460 3155 534 3201 se
578 3143 782 3202 totum
825 3135 1116 3218 dedicat,
1504 3146 1652 3200 'cum
1694 3133 2026 3216 signorum
2069 3131 2434 3214 frequentia

140 3244 216 3308 in
264 3240 413 3323 lege
458 3238 565 3305 dei
610 3239 838 3304 docilis
1503 3235 1684 3302 Petri
1728 3234 2177 3301 commendant
2221 3234 2463 3298 exitum
2670 3234 2750 3294 15
2871 3256 2878 3263 ·

143 3345 409 3428 verbis,
455 3331 770 3428 exemplis
814 3341 1150 3428 praedicat.
1508 3348 1574 3405 et
1618 3339 1981 3423 praedicant
2023 3337 2365 3421 magnalia.

327 3527 445 3580 Ans
490 3521 785 3578 det-selben
833 3521 930 3577 Hs.
1015 3522 1127 3578 Der
1162 3518 1392 3593 Anfang
1431 3506 1520 3576 bei
1553 3522 1750 3577 Daniel
1780 3522 1829 3590 1,
1863 3521 1986 3575 283.
2072 3518 2234 3576 Auch
2269 3518 2327 3572 in
2364 3516 2468 3572 der
2501 3514 2596 3571 11⁸.
2635 3528 2752 3571 von

139 3615 207 3671 S.
248 3612 419 3668 Peter
464 3611 570 3667 No.
605 3611 676 3665 63
722 3627 792 3665 zu
827 3609 1155 3666 Karlsruhe.
1227 3608 1395 3665 Diese
1443 3608 1539 3665 Hs.
1583 3607 1927 3664 wiederholt
1973 3605 2064 3662 die
2112 3604 2312 3662 beiden
2358 3600 2752 3673 Endstrophen

143 3701 256 3757 des
292 3703 483 3753 ersten
518 3696 737 3753 Liedes.
2543 3714 2547 3719 ·

876 3979 1094 4054 1124.
1172 3978 1290 4050 De
1342 4003 1396 4049 s.
1444 3952 1686 4050 Petro·
1723 3985 2046 4074 martyre.

146 4186 213 4252 0
251 4189 445 4252 beate
492 4194 739 4269 martyr
782 4182 1007 4265 Petre,
1513 4177 1737 4243 Nostri
1781 4193 2000 4240 curam
2045 4190 2305 4256 semper
2349 4170 2522 4237 habe
2540 4216 2558 4250 ,

144 4291 245 4357 ab
290 4290 591 4372 ingressu
635 4286 865 4374 Stygis
909 4294 1098 4354 tetrae
1372 4350 1384 4361 ,
1516 4299 1601 4345 ne
1645 4275 1985 4342 sordescat
2028 4273 2241 4339 carnis
2286 4273 2437 4336 labe

246 4411 368 4459 nos
412 4399 714 4478 potenter
760 4393 941 4477 eripe
959 4440 978 4477 ‚
1049 4399 1055 4405 ’
1602 4390 1826 4449 noster
1870 4398 2147 4463 unquam
2192 4376 2491 4462 spiritus,

142 4496 269 4580 qui
312 4515 483 4561 nunc
527 4514 682 4562 arce
726 4514 966 4578 regnas
1011 4494 1161 4561 coeli
1180 4541 1200 4578 ‚
1519 4484 1640 4552 'sed
1681 4482 2021 4549 mundetur
2066 4500 2109 4545 a
2149 4478 2440 4564 peccatis
2687 4474 2769 4538 10

148 4604 442 4683 protege
487 4615 608 4663 nos
655 4619 697 4665 a
740 4595 991 4665 crudeli
1376 4595 1415 4657 5
1525 4597 1595 4655 et
1636 4589 1967 4654 fervescat
2010 4583 2300 4650 caritatis

262 4698 692 4770 Thebaeorum
734 4701 1046 4788 principe.
1137 4713 1144 4719 ·
1611 4694 1849 4761 ardore
1893 4689 2217 4758 divinitus.
