3175 5234
1108 624 1328 701 1180.
1396 626 1512 698 De
1563 625 1684 698 xl
1736 622 1900 696 mill.
1982 624 2355 724 virginum.

827 833 915 900 ad
953 849 1267 916 vesperas.

421 1013 483 1081 0
527 1015 754 1080 felices
799 1014 1124 1096 virgines,

513 1116 848 1182 Hunorum
890 1116 1229 1196 victrices,

425 1220 664 1303 quibus
709 1216 861 1284 dum
908 1216 993 1283 ad
1039 1218 1419 1301 sanguinem

513 1338 721 1403 usque
767 1318 1124 1399 restitistis,

425 1422 580 1489 oleo
623 1441 755 1487 non
799 1442 1029 1487 vacuae
1046 1470 1063 1502 ‚
1642 1422 1681 1483 5

426 1542 555 1589 nec
597 1541 837 1604 segnes
880 1530 953 1588 ut
995 1523 1222 1604 fatuae,

427 1625 518 1691 ad
561 1626 862 1691 coelestes
906 1625 1166 1710 nuptias

515 1729 705 1793 simul
747 1730 1077 1794 introistis,

425 1914 486 1983 0
533 1919 770 2000 beatae,
818 1935 965 2001 quae
1011 1923 1282 2001 repente

426 2040 577 2088 cum
622 2023 908 2087 clamore
951 2023 1256 2087 veniente
1601 2022 1684 2086 10

517 2125 777 2191 domino
820 2126 1114 2211 paratael

424 2230 580 2296 oleo
626 2238 751 2296 etc.

809 2492 896 2556 ad
930 2488 1306 2572 maqnificat.

425 2677 487 2745 0
537 2679 696 2743 felix
742 2676 1091 2741 Germania

429 2789 564 2846 tam
609 2781 850 2844 decoro
898 2781 1189 2863 germine

517 2883 840 2968 virginum
888 2892 1118 2949 ornata
1135 2932 1152 2967 ,

429 2990 630 3058 beata
674 2987 950 3055 Colonia
1604 2988 1682 3048 15

429 3092 723 3178 pretioso
768 3091 1084 3174 sanguine

516 3204 875 3280 martyrum
922 3196 1167 3275 dicata,

425 3320 593 3365 vere
629 3301 811 3384 juste
857 3306 929 3364 tu
973 3297 1249 3381 laetaris,

430 3422 584 3487 quae
625 3403 935 3468 thesauro
982 3421 1182 3487 super
1226 3418 1387 3466 auro

518 3507 722 3571 nobili
767 3505 1014 3612 ditaris.
1599 3504 1685 3568 20

2077 833 2146 896 in
2182 833 2390 913 primo
2436 834 2787 897 nocturno.

1783 960 1976 1026 Nova
2018 960 2193 1026 bella
2237 959 2562 1042 virginum

1873 1061 2167 1127 dominus
2214 1061 2449 1145 elegit,

1785 1168 1871 1233 ab
1910 1165 2223 1230 extremis
2259 1162 2590 1229 hominum

1874 1286 2037 1351 quas
2084 1266 2206 1331 sibi
2253 1265 2553 1348 collegit,

1786 1404 2089 1488 Pugnant
2132 1423 2297 1469 sexu
2341 1403 2649 1487 fragiles,
2991 1408 3057 1470 25

1877 1510 2129 1575 coelitus
2174 1509 2468 1589 imbutae,

1787 1615 1905 1679 sed
1951 1612 2429 1699 insuperabiles

1874 1716 2029 1781 fidei
2063 1717 2325 1781 virtute.

1786 1854 1995 1921 Beata
2041 1852 2300 1935 militia,

1790 1979 1937 2042 quae
1979 1975 2104 2041 pro
2149 1975 2311 2039 rege
2355 1954 2588 2038 gloriae
2986 1958 3050 2021 30

1789 2061 1874 2127 de
1919 2061 2138 2126 mundi
2182 2059 2425 2124 malitia

1790 2163 2212 2248 triumphavit
2257 2160 2467 2227 hodie.

1788 2304 1935 2370 Non
1977 2305 2172 2368 armis
2214 2302 2334 2367 sed
2379 2301 2608 2368 animis

1874 2406 2036 2471 istas
2081 2404 2454 2470 bellatrices

1787 2507 1988 2575 efficit
2031 2508 2352 2573 unanimis
2989 2509 3056 2570 35
3136 2556 3141 2585 ,,

1871 2613 2088 2696 gratia
2132 2612 2456 2677 victrices,

1788 2749 2128 2815 Fortiores
2171 2747 2465 2814 hostibus

1875 2852 2133 2917 feminae
2176 2852 2462 2933 fuerunt,

1790 2974 1936 3037 quae
1982 2954 2371 3037 contemptis
2416 2952 2724 3020 omnibus

1877 3061 2089 3124 omnia
2132 3061 2460 3141 vicerunt3
2984 3064 3052 3129 49

1789 3192 1969 3262 Unus
2016 3197 2183 3261 enim
2230 3196 2491 3280 spiritus

1875 3300 2052 3365 acies
2097 3299 2399 3364 coelestes

1788 3398 1945 3465 fidei
1989 3399 2293 3466 divinitus

1878 3504 2187 3570 adunavit
2230 3514 2452 3571 testes,

606 3685 725 3739 Ans
761 3684 941 3739 einem
975 3683 1443 3754 Antiphonti-ium
1478 3700 1550 3740 zu
1584 3683 1840 3753 colmar,
1893 3685 1963 3739 ss·
1995 3683 2191 3742 Jahrb.
2233 3688 2377 3758 (G),
2430 3690 2541 3745 und
2579 3706 2651 3746 zu
2686 3690 3047 3750 melite-tul

428 3786 533 3827 aus
570 3770 828 3844 gleicher
865 3770 990 3825 Zeit
1023 3770 1124 3825 mit
1159 3768 1259 3826 der
1291 3770 1534 3826 melodis
1573 3770 1694 3840 (L).

605 3878 634 3931 1
674 3875 918 3933 hostium
953 3870 1050 3930 fur
1083 3872 1232 3945 virg.
1268 3874 1313 3929 L
1331 3913 1346 3943 ,
1382 3873 1503 3928 dies
1538 3874 1758 3931 scheint
1795 3875 1883 3931 die
1918 3876 2163 3949 richtige
2197 3879 2415 3949 Lesart,
2454 3880 2600 3935 daun
2643 3896 2805 3938 muss
2840 3885 2987 3941 uber
3014 3886 3045 3940 3

417 3963 649 4021 huten:
688 3962 887 4036 quibus
925 3962 1000 4018 ad
1032 3962 1331 4019 interitum.
1403 3964 1440 4016 2
1476 3958 1710 4018 fortium
1745 3960 1841 4019 fiir
1866 3965 2007 4021 Eun.
2041 3965 2100 4020 L.
2171 3970 2207 4020 7
2243 3966 2343 4021 des
2370 3968 2590 4024 Reimes
2628 3984 2846 4045 weg-en
2881 3971 3045 4029 sont·

425 4052 531 4112 der
565 4051 710 4108 Vers
748 4054 901 4107 etwa
937 4067 1003 4108 so
1042 4050 1267 4106 lauten:
1305 4049 1378 4105 ad
1413 4050 1614 4122 sponsi
1649 4050 1991 4125 conjugium.
2066 4054 2137 4109 19
2168 4062 2367 4109 aurum
2401 4055 2508 4112 01..

601 4190 740 4248 nne
777 4190 986 4247 andere
1021 4190 1118 4247 Rs.
1155 4207 1225 4246 zu
1257 4190 1619 4277 lachtenthal
1677 4204 1783 4247 uns
1836 4189 1961 4247 dem
2016 4193 2086 4246 14
2116 4191 2316 4250 Jahn-h.
2370 4194 2473 4250 bat
2523 4194 2680 4251 diue
2714 4196 3045 4269 Antiphe-

277 4345 298 4363 ο
415 4277 875 4351 mEingang:

638 4363 966 4422 Gratuletur
1000 4364 1168 4421 hodie

636 4457 946 4510 conventus
981 4452 1240 4508 ecclesiae
1254 4492 1269 4523 ,

1947 4368 2086 4436 agat
2121 4363 2269 4421 diem
2304 4367 2520 4425 laetitia
2536 4407 2551 4438 ‚

1942 4451 2215 4524 virginali
2250 4455 2610 4525 congaudens
2648 4456 2886 4528 glorie.

419 4537 585 4592 Danu
620 4535 775 4610 folgt
809 4540 956 4596 oben
990 4540 1057 4596 V.
1097 4544 1126 4594 1
1162 4541 1264 4597 mit
1297 4540 1401 4596 der
1435 4538 1640 4597 mart
1670 4538 1922 4597 hostium
1960 4571 2025 4581 —
2059 4536 2295 4597 fortium
2344 4541 2454 4598 wie
2489 4542 2547 4598 in
2582 4541 2643 4599 la.
2719 4544 2795 4600 V.
2831 4548 2867 4600 7
2908 4542 3047 4605 faut

420 4621 537 4679 und
570 4624 672 4679 mit
703 4627 775 4681 20
809 4626 944 4683 hort
978 4628 1164 4682 dieser
1199 4628 1344 4685 'rent
1377 4624 1492 4683 auf.
