3175 5234
408 256 539 324 ⁴68

589 442 625 494 5
662 439 827 496 vovit
859 439 924 497 F.
997 440 1211 493 11—14
1245 440 1443 495 :uben
1476 439 1538 494 in
1571 440 1599 494 1
1632 438 1779 495 nach
1810 439 1863 493 6.
1938 438 2149 506 16—20,
2181 437 2242 492 in
2276 437 2358 493 B:

693 526 907 585 clarior
941 527 999 582 in
1038 542 1215 597 opere

690 613 846 669 urbis
881 618 1008 669 erat
1042 613 1248 669 Patere

1908 525 2050 580 civis
2085 529 2215 581 erat
2250 540 2480 597 genere.

2022 609 2257 667 hiel-auf
2285 612 2410 667 eine
2443 612 2648 668 Liicke.

413 701 483 756 18
518 700 781 756 Pathum
814 702 932 772 An,
968 701 1060 756 die
1097 701 1451 773 griechische
1479 697 1874 757 Namenssorm
1900 700 2114 756 Patara
2148 699 2362 755 kommt
2397 700 2456 755 in
2491 699 2865 756 lateinischen
2889 701 2997 756 llss.

414 789 755 845 schwerlicb
789 806 918 846 vor.
985 791 1200 844 21-24
1235 789 1434 844 steben
1470 788 1528 844 in
1562 789 1587 844 1
1622 790 1769 844 nach
1805 789 1890 844 18.

1958 791 2030 842 22
2064 788 2192 842 dum
2227 787 2373 842 stud.
2407 787 2470 843 Γ.
2502 794 2510 802 ’
2538 790 2612 843 23
2648 788 2738 842 dei
2764 787 2919 843 verb.
2946 788 2998 843 Η.

409 878 486 931 24
519 881 775 946 vertere,
823 875 957 931 alle.
1022 877 1096 931 26
1131 876 1330 932 besser
1365 892 1573 948 aegros.
1644 877 1717 932 3⁰
1745 875 1909 932 datus
1948 876 1988 931 1.
2056 877 2143 930 33.
2178 877 2251 930 34
2289 874 2482 930 lauten
2516 876 2574 929 in
2611 876 2636 929 1
2672 891 2768 930 so:
2826 890 3000 947 regen

410 978 611 1019 somno
647 962 852 1019 terruit
871 1003 885 1032 ,
923 963 1240 1019 stratilates
1276 963 1440 1019 eruit.
1510 964 1583 1018 39
1617 962 1967 1034 voluptatem
2004 962 2064 1029 1,
2102 962 2494 1027 enormitatem
2526 962 2592 1016 E.
2661 964 2752 1016 43.
2787 963 2861 1016 u
2893 961 2998 1016 sind

407 1049 707 1120 verstellt,
769 1050 969 1106 womit
1004 1050 1053 1105 B
1100 1047 1352 1106 aufhort.
1458 1050 1532 1105 50
1576 1049 1716 1106 retit
1759 1049 1825 1105 Η.
1932 1052 2004 1104 53
2038 1048 2096 1103 in
2132 1063 2451 1104 armoreum
2485 1049 2546 1105 G.
2651 1050 2722 1103 56
2758 1052 2942 1104 manat
2967 1048 3000 1116 1,
3121 1074 3122 1093 κ

408 1136 732 1208 multigenis
767 1136 829 1192 F.
901 1138 974 1191 60
1007 1136 1213 1192 resulis
1247 1137 1326 1206 u,
1375 1141 1437 1193 et
1479 1137 1556 1193 ist
1609 1136 1708 1192 des
1743 1136 1956 1192 verses
1989 1152 2196 1208 weg-en
2243 1136 2301 1190 in
2335 1136 2383 1191 Ε
2415 1136 2713 1191 austadirt.
2790 1137 2862 1190 66
2892 1150 3002 1205 pre-

413 1222 574 1278 cibus
611 1219 704 1277 fiir
741 1227 804 1279 ut
838 1227 987 1278 nant.
1028 1224 1067 1292 1,
1104 1229 1166 1279 tu
1200 1240 1309 1279 nos
1344 1228 1495 1279 naut.
1528 1225 1598 1293 A,
1633 1229 1808 1280 nauta
1842 1223 1906 1279 Η.
1976 1225 2048 1279 73
2082 1222 2240 1279 salus
2280 1220 2427 1279 fehlt
2459 1223 2521 1279 F.
2583 1224 2654 1278 ‘14
2687 1238 2727 1278 a
2763 1238 2914 1294 pecc.
2945 1221 2997 1278 G.

408 1308 481 1364 '28
514 1308 787 1364 medicina
820 1308 1028 1365 AFGH.
1098 1312 1170 1365 79
1204 1308 1332 1364 inde
1370 1310 1432 1367 C.
1502 1310 1573 1365 84
1609 1313 1788 1366 totum
1821 1307 1862 1364 f.
1899 1308 2119 1379 donum,
2154 1309 2269 1365 alle
2307 1324 2506 1365 ausser
2540 1309 2601 1367 G.

584 1396 699 1450 Das
733 1393 870 1448 Lied
903 1395 1129 1451 besteht
1180 1394 1269 1450 bis
1318 1396 1385 1451 V.
1425 1397 1498 1450 60
1548 1411 1655 1452 aus
1706 1398 1741 1451 8
1776 1397 2277 1467 Str-ophenpaaren
2291 1437 2308 1465 ,
2369 1393 2586 1452 darauf
2628 1392 2834 1470 folgen
2876 1397 2998 1451 :wei

409 1480 684 1549 Absfitze,
731 1481 900 1554 jeder
935 1497 1049 1536 von
1084 1485 1120 1536 3
1157 1482 1447 1559 Strophen
1466 1522 1481 1551 ‚
1544 1484 1646 1539 mit
1680 1484 2004 1556 steigender
2036 1483 2260 1540 Anzabl
2297 1483 2399 1538 der
2430 1483 2626 1539 Verse.
2717 1484 2850 1540 Von
2882 1484 2997 1538 ilu-

410 1567 615 1623 licbem
650 1566 772 1622 Bau
806 1567 882 1622 ist
917 1567 1022 1622 No.
1060 1567 1181 1623 601.

1271 1851 1490 1926 1095.
1559 1853 1678 1923 De
1732 1877 1789 1925 s.
1841 1850 2162 1924 Nicolao.

410 2064 563 2134 Ave
606 2074 796 2152 pater
842 2070 1279 2154 orphanorum
1301 2120 1318 2155 ,

499 2168 707 2236 dulcis
749 2169 1071 2256 Nicolae,.

410 2270 789 2337 sublevator
831 2274 1241 2355 miserorum,

496 2393 616 2441 nos
661 2397 703 2441 a
744 2386 952 2441 morte
995 2377 1218 2456 trahe;

409 2478 599 2544 trahe
642 2496 763 2543 nos
809 2479 894 2543 ad
940 2480 1092 2544 vitae
1136 2486 1427 2563 portum,

410 2581 497 2647 ad
542 2582 930 2647 amoenitatis
977 2581 1266 2665 hortum,

539 2693 766 2752 sancte
809 2687 1083 2754 Nicolae
1109 2690 1126 2750 2

409 2867 562 2936 Ave
579 2917 596 2949 ,
643 2872 753 2954 qui
801 2873 1157 2956 virginibus

496 2991 658 3038 anro
704 2978 1094 3062 subvenisti,

410 3097 571 3160 quas
618 3088 884 3146 oeternae
928 3081 1163 3149 finibus

497 3182 723 3246 mortis
769 3182 1128 3267 abduxisti3

408 3282 492 3351 de
539 3284 730 3350 domo
775 3289 1140 3371 spurcitiae,

407 3393 627 3450 custos
670 3386 1033 3472 pudicitiae‚

491 3488 762 3554 mundas
807 3490 1127 3558 eduxisti:

404 3606 525 3653 nos
569 3611 611 3655 a
652 3592 871 3656 mundi
917 3595 1189 3662 faecibus

406 3691 533 3753 tuis
575 3691 700 3774 piis
743 3694 1053 3775 precibus

494 3794 620 3861 duc
664 3796 749 3860 ad
793 3797 1048 3863 domum
1097 3799 1354 3867 Christi.

402 3981 587 4067 Ave,
633 3987 744 4069 qni
789 3985 873 4052 de
918 3988 1150 4054 funere

488 4090 677 4155 trium
702 4089 1072 4174 'puerorum

400 4193 734 4258 venditam
778 4215 902 4280 pro
948 4219 1211 4264 munere

487 4296 717 4381 vitam,
762 4317 892 4364 non
937 4320 1229 4385 reorum,

400 4396 695 4465 liberasti
737 4421 1057 4488 prospere
1075 4453 1094 4487 ,

402 4517 704 4567 curreres
735 4505 899 4580 ‚dum
943 4527 1230 4592 propere

481 4600 723 4682 judicis
769 4607 855 4670 ad
898 4609 1145 4674 forum:

1620 2485 1660 2545 5

1576 3088 1664 3215 1⁰·
1760 3188 1974 3252 nantis
2017 3189 2162 3273 pins
2209 3188 2566 3256 advocatus
2820 3135 2839 3154 Ο
2923 3190 2994 3253 35

1576 3601 1657 3664 15

1566 4203 1652 4268 20

1767 2090 1886 2136 nos
1929 2091 2053 2157 pro
2099 2074 2234 2138 vita
2278 2072 2590 2138 criminali
2926 2074 2992 2135 25

1766 2173 2263 2257 praesentandos
2307 2174 2614 2240 tribunali

1843 2275 2088 2359 judicis
2123 2276 2338 2340 severi

1766 2395 1896 2444 non
1939 2380 2279 2465 permittas
2324 2377 2799 2464 condempnari

1767 2490 1835 2546 et
1878 2499 1999 2547 nos
2043 2501 2246 2567 prece
2297 2484 2611 2566 singulari

1854 2586 2075 2669 salva,
2121 2585 2323 2652 decor
2367 2587 2527 2652 veri.
2923 2585 2992 2650 30

1765 2771 1948 2859 Ave,
1995 2778 2106 2859 qni
2149 2778 2459 2862 periculis

1850 2886 2062 2942 motus
2107 2878 2566 2962 naufragorum
2580 2926 2599 2961 ‚

1763 2979 1989 3047 stactis
2023 2982 2164 3065 jam
2207 2983 2525 3049 vehiculis

1848 3086 2036 3150 navis
2082 3093 2150 3151 et
2191 3104 2513 3152 remorum
2526 3135 2544 3168 ‚

1762 3289 2003 3356 affuisti
2046 3293 2387 3359 invocatus

1767 3425 1777 3434 ·
1852 3391 1939 3457 ad
1984 3393 2258 3458 salutem
2302 3394 2568 3459 horum:

1766 3511 1930 3577 qnos
1975 3496 2329 3582 charybdis
2372 3499 2709 3584 inexpleta

1850 3601 2073 3664 sorbet
2118 3600 2453 3684 vitiorum,

1764 3698 1933 3766 educ
1975 3710 2168 3786 pater
2211 3703 2298 3767 ad
2342 3705 2560 3787 quieta
2921 3703 2994 3767 40

1894 3805 2112 3870 littora
2156 3808 2428 3890 piorum.

1759 3995 1948 4081 Ave,
1991 4000 2493 4083 cujus-munere
2585 4062 2598 4077 ,

1849 4103 2125 4171 credidit
2166 4104 2474 4190 Judaens‚

1760 4203 1911 4270 dum
1956 4226 2078 4290 per
2123 4216 2188 4272 te
2234 4208 2317 4273 de
2365 4209 2592 4277 funere

1845 4311 2194 4377 suscitatur
2236 4332 2423 4397 reus,

1757 4413 1871 4496 qui
1914 4423 2067 4499 post
2111 4434 2335 4482 aurum
2381 4419 2570 4501 abiit,

1757 4515 1935 4602 qnod
1976 4516 2247 4584 Jndaeus
2289 4519 2514 4587 habuit
2585 4570 2590 4574 -

1845 4617 2247 4702 crediditque
2291 4638 2410 4687 reo

3119 1490 3122 1537 1

2917 4313 2990 4379 ⁴⁵
3109 4220 3114 4447 †
