3175 5234
2699 325 2789 386 97

345 494 411 548 V.
451 497 502 548 5.
559 491 594 564 ἦ
632 489 738 547 τῶν
773 495 1038 565 Πατρέων
1075 512 1136 549 σε
1172 490 1333 555 πόλις
1371 496 1607 563 ποιμένα
1640 499 1898 566 κέκτηται.
1954 498 2100 553 NoV.
2140 503 2227 555 30.

344 580 412 634 V.
453 582 537 633 10.
597 578 978 649 suspenditur.
1047 580 1206 633 Nach
1262 579 1361 634 der
1417 580 1790 636 lateinischen
1825 583 2086 653 Legende
2145 603 2190 640 c.
2230 590 2280 641 9.
2334 589 2427 642 bei
2474 592 2660 648 Sur-ius
2718 595 2792 651 de

167 667 332 737 prob.
367 667 468 722 SS.
508 666 608 721 vit.
648 667 719 720 ad
756 668 828 720 30
864 667 1039 720 Nov.:
1092 672 1152 720 ut
1187 667 1385 738 ligatis
1421 668 1658 739 pedibus
1695 676 1754 724 et
1790 671 2072 740 mambae,
2110 675 2273 742 quasi
2309 675 2366 727 in
2402 676 2629 745 eculeo,
2668 685 2789 733 ten-

169 753 421 822 deretur,
477 770 547 808 ne
586 753 766 807 clavis
803 751 1010 807 affixus
1048 754 1163 806 cito
1202 750 1498 822 deficeret,
1550 756 1653 811 sed
1688 757 2040 812 cruciaretur
2074 758 2264 828 potius
2301 759 2478 832 longo
2518 764 2786 819 cruciatu.

167 839 387 895 Darauf
430 841 696 895 beziehen
746 839 868 893 sich
912 838 999 893 die
1051 842 1170 894 lora
1203 839 1271 892 V.
1306 843 1396 895 21.
1476 842 1591 896 Der
1626 846 1835 899 eculeus
1865 859 1992 897 war
2029 844 2118 898 die
2155 844 2352 900 Folter
2388 863 2511 900 zum
2548 850 2787 903 Ausein-

167 927 539 982 andeniehen
577 925 678 979 der
713 924 957 980 Glieder.
1030 927 1294 996 ,inqu-stin.
1345 928 1506 995 epist.
1559 930 1677 996 133,
1715 934 1766 983 2.
1841 930 2030 985 Daher
2066 937 2198 1001 sagt
2234 933 2446 989 Hieron.
2483 935 2541 987 in
2577 933 2785 990 Ruffin.

162 1017 218 1081 3,
257 1017 338 1067 14.
395 1014 450 1066 in
507 1011 705 1066 eculeo
761 1028 1059 1081 appensus.
1139 1012 1266 1083 Vgl.
1323 1014 1578 1084 chrysost.
1633 1015 1702 1069 de
1760 1033 1803 1069 s.
1860 1017 2111 1087 Babyla,
2165 1021 2227 1085 2,
2266 1021 2316 1070 7.
2402 1019 2505 1073 Ein
2543 1020 2783 1077 anderes

161 1100 668 1170 Folterwerkzeug
705 1115 832 1152 war
868 1099 956 1152 die
989 1099 1212 1167 fidicula.
1285 1100 1497 1154 Hieron.
1534 1101 1591 1153 iu
1629 1118 1715 1171 ep.
1756 1103 1828 1157 ad
1866 1103 1985 1158 Gal.
2026 1107 2073 1172 1,
2114 1107 2162 1158 5.

338 1186 407 1240 V.
446 1189 514 1240 13
551 1184 643 1256 ssg.
703 1186 803 1239 Die
841 1186 1192 1256 griechische
1229 1187 1490 1257 Legende
1532 1193 1665 1260 sagt
1702 1206 1822 1242 zum
1856 1192 1928 1243 30
1954 1191 2097 1244 Νον.
2138 1190 2168 1245 ὁ
2208 1188 2535 1257 α’ῡθύπατος
2572 1195 2782 1260 δείσας,

160 1271 290 1344 μήτι
340 1277 728 1346 νεωτερισθείη
765 1271 919 1344 παρὰ
956 1270 1056 1327 τοῦ
1093 1269 1292 1339 ὄχλου,
1358 1271 1645 1345 πρόσεισιν
1683 1271 1973 1330 ἀπολύσων
2011 1273 2175 1331 αὐτὸν
2213 1274 2324 1332 ἀπὸ
2360 1279 2459 1334 τοῦ
2497 1281 2742 1355 σταυροῦ
2773 1300 2788 1313 ·

156 1357 188 1414 ὅ
224 1361 285 1414 δὲ
325 1357 427 1414 οὐκ
462 1356 732 1429 ἠνείχετο,
789 1355 905 1412 ἀλλ’
944 1355 1105 1427 η’ξίου
1143 1357 1375 1428 μᾶλλον,
1425 1349 1542 1428 ἥτις
1577 1380 1641 1430 γε
1677 1359 1907 1433 δύναμις
1945 1362 2134 1418 ἑαυτὸν
2171 1360 2447 1419 ἅπολύσαι
2483 1372 2589 1420 τοῖν
2624 1386 2780 1421 κατε-

154 1445 368 1516 χόντων
405 1443 500 1515 τῆς
536 1443 763 1517 ἀγνοίας
801 1444 1030 1516 δεσμῶν.

340 1534 408 1587 V.
444 1536 528 1587 23.
584 1529 783 1586 frater.
839 1533 951 1585 Der
999 1532 1216 1585 Bruder
1264 1532 1362 1585 des
1408 1534 1637 1604 Aegeas
1691 1534 1844 1587 hiess
1902 1535 2248 1603 Stratoclea,
2314 1552 2378 1590 er
2413 1552 2538 1591 war
2575 1536 2769 1593 Christ

156 1622 274 1675 und
308 1636 498 1691 gegen
535 1620 625 1674 die
663 1618 1036 1688 llinrichtung
1074 1618 1171 1671 des
1210 1619 1492 1687 Apostels.

337 1707 404 1761 V.
440 1707 525 1759 29.
580 1704 811 1759 meritis,
868 1704 1111 1758 Nullane
1150 1709 1280 1758 sunt
1313 1705 1514 1759 merita
1544 1706 1877 1777 justorum?
1914 1711 2043 1760 sunt
2071 1706 2255 1775 plane,
2292 1707 2422 1776 quia
2441 1709 2590 1780 justi
2619 1714 2779 1778 sunt;

153 1795 260 1848 sed
299 1800 359 1848 ut
388 1793 533 1865 justi
571 1789 800 1859 fierent,
856 1791 1059 1845 merita
1099 1808 1209 1845 non
1247 1788 1489 1845 fuerunt.
1558 1793 1708 1864 justi
1743 1793 1885 1848 enim
1926 1792 2063 1847 facti
2099 1798 2267 1860 sunt,
2325 1810 2445 1848 cum
2474 1792 2782 1867 justificati

158 1887 310 1948 snut,
349 1879 450 1933 sed
489 1879 636 1933 sicut
672 1879 807 1932 dicit
843 1878 1167 1948 apostolus:
1199 1876 1501 1949 justificati
1538 1881 1723 1951 gratis
1760 1897 1864 1950 per
1901 1881 2143 1951 gratiam
2172 1880 2345 1950 ipsius
2386 1881 2577 1952 (Rom.
2597 1884 2782 1950 3,2ἱι),

153 1971 409 2038 Anqustin
463 1982 547 2035 ep.
592 1967 711 2032 194,
750 1968 797 2019 6.

335 2054 404 2106 V.
441 2056 527 2108 32.
584 2055 834 2124 praemia.
903 2056 960 2108 In
1009 2056 1202 2126 Bezug
1250 2053 1357 2110 auf
1397 2056 1486 2108 die
1537 2054 1860 2124 martyra,
1918 2056 2053 2108 weil
2107 2056 2188 2108 sie
2245 2054 2454 2110 Christi
2503 2050 2777 2122 Kampfer

153 2140 312 2206 sind,
362 2141 540 2196 heisst
578 2142 667 2194 die
706 2141 987 2212 Seligkeit
1024 2143 1125 2196 der
1163 2141 1527 2212 Kampfpreis
1564 2141 1664 2194 des
1703 2142 1935 2212 Sieges,
1985 2142 2243 2213 βραβεῖον
2279 2145 2423 2209 νίκης
2461 2141 2619 2209 (Mai.
2659 2142 2779 2207 14),

151 2224 353 2282 woffir
390 2229 462 2281 im
498 2228 891 2283 Lateinischen
929 2230 1170 2297 pretium
1207 2229 1347 2283 oder
1389 2227 1681 2297 praemium
1720 2227 2038 2298 gebraucht
2073 2227 2247 2294 wird,
2286 2226 2426 2279 oder
2463 2225 2610 2280 auch
2649 2225 2781 2280 bra-

153 2315 310 2368 vium
345 2316 490 2368 nach
527 2315 654 2369 dem
689 2313 1101 2369 Griechischen.
1174 2316 1278 2369 No.
1316 2317 1438 2383 571,
1477 2317 1564 2368 32.

828 2613 1000 2684 689.
1074 2612 1161 2682 In
1215 2613 1586 2684 festivitate
1640 2637 1695 2681 s.
1751 2610 2078 2682 Andreae.

151 2833 336 2898 Diem
386 2831 632 2896 sacrati
655 2830 944 2908 ⁸hominis
1519 2829 1594 2893 In
1642 2838 1705 2894 te
1752 2831 1961 2893 crucis
2007 2830 2384 2910 mysterium

152 2955 520 3017 nomenque
565 2934 766 2996 vitam
812 2935 1213 3017 exprimenS‚
1419 2882 1492 2976 f
1522 2932 1679 2996 cluit
1719 2930 2000 3012 gemello
2040 2931 2375 3011 stigmate,

155 3039 306 3103 hinc
355 3047 421 3101 te
469 3036 777 3100 decorum
821 3037 1138 3120 praedicat
1522 3043 1588 3096 et
1633 3034 1878 3116 probra
1924 3033 2131 3097 vincis
2178 3052 2299 3115 per
2345 3051 2603 3098 crucem
2696 3033 2778 3095 15

151 3143 371 3207 crucis
417 3142 617 3204 beata
661 3140 899 3220 gloria,
1522 3135 1862 3215 crucisque
1910 3133 2142 3216 pendis
2188 3137 2584 3217 sanguinem.

151 3326 467 3410 Andrea,
517 3325 757 3390 Christi
804 3326 1132 3409 apostole,
1375 3330 1413 3388 5
1520 3321 1670 3386 Jam
1717 3337 1836 3383 nos
1882 3319 2104 3383 faveto
2150 3320 2493 3399 languidos

153 3430 281 3494 hoc
331 3431 477 3513 ipso
514 3428 654 3510 jam
700 3429 1022 3493 vocabulo
1520 3441 1870 3504 curamque
1919 3422 2124 3485 nostri
2168 3421 2457 3502 suscipe,

151 3532 472 3612 decorus,
521 3529 692 3593 idem
738 3531 1010 3612 mystice
1521 3542 1651 3607 quo
1696 3545 1818 3608 per
1863 3525 2075 3589 crucis
2123 3523 2464 3587 victoriam

153 3634 444 3715 signaris
492 3634 617 3695 isto
663 3634 936 3696 nomine.
1521 3627 1672 3692 coeli
1715 3636 2017 3710 petamus
2060 3626 2356 3710 patriam.
2688 3624 2775 3694 20

157 3823 367 3901 Quem
413 3841 575 3886 crux
620 3820 703 3885 ad
751 3823 882 3885 alta
926 3820 1254 3904 provehit,
1520 3815 1660 3880 Deo
1705 3815 1878 3898 patri
1927 3816 2011 3879 sit
2054 3817 2269 3900 gloria

160 3929 266 3992 cui
306 3946 472 3990 crux
519 3932 732 3989 amata
776 3934 1110 4009 praeparat
1335 3926 1413 3988 10
1521 3920 1796 4004 ejusque
1841 3920 1964 3983 soli
2010 3919 2144 3984 filio

160 4031 326 4095 lucis
371 4031 608 4093 futurae
654 4028 958 4110 gaudia„
1521 4042 1665 4088 cum
1711 4023 1942 4104 spiritu
1986 4023 2303 4104 paraclito

160 4129 442 4212 figuram
490 4128 732 4191 Christi
772 4128 1045 4212 imitans.
1522 4134 1587 4189 et
1633 4144 1803 4190 nunc
1849 4133 1916 4189 et
1960 4126 2025 4189 in
2070 4132 2469 4208 perpetuum.

332 4313 431 4369 ns.
472 4330 541 4367 zu
580 4314 855 4369 Miinchen
908 4315 1045 4371 Clm.
1083 4315 1270 4369 16119.
1306 4312 1347 4370 f.
1385 4316 1504 4370 149.
1543 4315 1644 4369 des
1683 4316 1747 4368 11
1786 4312 1982 4369 Jahrb.
2056 4311 2251 4366 Dieser
2275 4307 2525 4379 Hymnus
2562 4307 2773 4386 gehort

155 4418 226 4456 zu
261 4400 372 4455 (len
408 4401 630 4456 alter-en
665 4400 918 4455 Liedern.

342 4526 393 4575 1.
431 4525 484 4575 2.
530 4539 740 4593 passeu
790 4523 946 4577 nicht
992 4538 1092 4577 zur
1140 4522 1543 4579 Construction
1595 4524 1691 4576 des
1728 4519 2084 4591 Folgenden,
2153 4516 2243 4572 die
2294 4516 2535 4587 richtige
2574 4515 2776 4570 Lesart

159 4610 407 4664 scheint:
461 4611 583 4665 dies
617 4616 901 4665 sacratum
934 4610 1235 4677 hominem,
1273 4625 1581 4679 nomenque
1619 4610 1791 4663 vitam
1828 4606 2117 4678 exprimit,
2166 4605 2306 4660 oder
2345 4604 2518 4659 auch:
2558 4608 2616 4658 et
2651 4602 2772 4656 vita

159 4711 378 4750 nomen.
451 4698 488 4749 9
515 4696 588 4750 ab
628 4696 762 4764 alta,
801 4697 895 4750 Hs,
970 4697 1035 4748 15
1074 4700 1131 4748 et
1167 4691 1312 4749 fehlt
1348 4694 1449 4749 der
1483 4695 1578 4749 Hs.

306 4815 483 4864 Mune,
519 4814 688 4861 tatem.
725 4814 970 4868 Πςιηιιοιι.
1021 4811 1111 4858 111.
2314 4781 2355 4844 7

3153 4787 3163 4924 ssssssrhg
3156 4733 3164 4776 *A
3156 4631 3163 4712 xj—
3155 4193 3164 4616 ᾼ-,ᾲᾼᾼᾈ--ιιμᾼμᾼω
3157 4141 3163 4156 a
3156 4054 3164 4105 -Q
3157 3932 3164 3985 *-
3158 3861 3164 3917 -k
