3175 5234
386 263 476 327 68

389 448 673 534 Symon,
720 449 831 530 qui
874 456 941 511 et
984 445 1424 528 ChananaeuS,
1750 446 2051 528 Marone,
2097 443 2349 527 Lucas,
2397 445 2513 510 tibi
2559 445 2759 529 dena,

388 561 586 636 atque
620 551 860 629 sudas,
907 551 1014 634 qui
1060 550 1466 631 Thaddaeus‚
1748 548 2086 613 Barnabas
2132 555 2200 612 et
2244 546 2654 632 TimotheuS,

391 653 702 735 Thomas,
747 651 1122 735 Philippu8‚
1168 651 1481 717 Matthias
1748 651 1895 733 tibi,
1943 649 2199 714 domine
2244 653 2482 715 messia
2501 700 2519 734 ,

389 755 669 820 doceant
715 774 834 821 nos
880 756 1034 819 vitae
1079 755 1240 818 vias.
1556 754 1642 817 20
1749 772 1869 817 nos
1916 754 2366 819 commendent
2408 774 2612 840 prece
2654 755 2786 839 pia.

562 941 658 995 Hs.
706 957 776 995 zu
812 940 983 998 Gratz
1019 942 1161 1012 4017.
1202 942 1266 996 12
1284 940 1479 997 Jahrh.
1537 940 1597 995 ln
1634 941 1741 995 den
1777 940 1934 996 alten
1970 940 2223 1009 Hedera,
2263 940 2407 995 auch
2442 939 2536 994 bei
2573 939 2680 994 den
2708 938 3022 1008 Grieohen,

388 1027 620 1083 werden
657 1030 747 1084 die
782 1027 1186 1101 Evangelisten
1223 1028 1336 1083 und
1371 1033 1563 1083 ersten
1599 1027 2067 1099 Apostelsolu'iler
2103 1026 2426 1100 gewonlich
2460 1028 2563 1083 mit
2598 1027 2705 1082 den
2724 1026 3021 1097 Apostelu

387 1114 728 1170 verbunden.

562 1236 629 1291 V.
665 1239 717 1292 3.
755 1241 805 1292 4.
873 1243 1152 1307 pastores.
1220 1235 1336 1290 Eos
1387 1240 1644 1289 rectores
1693 1234 1938 1289 ecclesia
1985 1235 2219 1305 accipit,
2284 1249 2430 1305 quos
2482 1234 2718 1305 spiritus
2771 1240 3022 1291 sanetus

388 1325 768 1395 proeparavit,
831 1330 894 1379 ut
939 1324 996 1377 in
1044 1322 1260 1393 populo
1297 1323 1622 1393 adoptionis
1659 1321 1775 1390 dei,
1841 1323 2005 1395 cujus
2040 1322 2380 1378 universitas
2418 1321 2797 1377 sacerdotalis
2835 1327 3022 1394 atque

388 1409 606 1481 regalis
641 1416 747 1479 est,
782 1427 894 1475 uon
931 1408 1340 1480 praerogativae
1373 1414 1617 1464 terrenoe
1656 1407 1894 1481 originis
1931 1408 2188 1465 obtineat
2222 1409 2566 1478 unctionem,
2597 1409 2707 1463 'sed
2743 1408 3018 1480 dignatio

390 1494 640 1551 ooelestis
683 1497 889 1567 gratiae
927 1496 1130 1568 gignat
1165 1495 1487 1551 antistitem.
1558 1495 1717 1550 Leon.
1752 1511 1820 1549 m.
1856 1510 2018 1550 serm.
2052 1498 2104 1563 3,
2145 1500 2193 1550 1.

565 1583 636 1638 V.
674 1585 757 1637 11.
810 1580 978 1650 fides,
1015 1598 1177 1653 spes,
1214 1582 1440 1638 caritas.
1511 1581 1570 1636 S.
1607 1582 1714 1638 No.
1749 1583 1884 1651 621,
1922 1585 2007 1636 17.
2120 1625 2133 1636 .

567 1759 663 1814 leh
697 1755 834 1829 fiige
870 1758 1018 1812 noch
1055 1756 1179 1812 eine
1216 1756 1570 1829 griechische
1607 1757 1893 1813 Parallele
1931 1757 2123 1813 diesen
2157 1754 2614 1826 Apostoluodern
2645 1754 2753 1810 bei.

528 1878 606 1937 Ἐν
640 1879 830 1951 κόσμῳ
871 1877 949 1942 ὥς
984 1875 1219 1955 ἅσαρκοι
1882 1878 1934 1936 ‘0
1970 1882 2182 1955 Πέτρος
2219 1875 2316 1949 τῆς
2350 1882 2585 1941 πίστεως

531 1977 622 2027 καὶ
658 1976 715 2028 έν
749 1969 915 2047 σάρκὶ
955 1969 1031 2033 οἷς
1069 1967 1307 2046 ἄγγελοι,
1885 1963 1919 2036 ἦ
1958 1969 2152 2042 πέτρα,
2188 1970 2280 2021 καὶ
2314 1967 2580 2038 θεμέλιος

529 2059 623 2116 τὸν
659 2057 823 2136 λόγον
855 2057 1024 2133 μόνον
1888 2054 2110 2115 Παῦλος
2144 2051 2177 2110 o‘
2213 2051 2402 2127 κήρυξ,

531 2147 587 2202 ἐν
621 2147 825 2222 καρδίᾳ
862 2151 1136 2222 φέροντες,
1888 2144 1980 2195 καὶ
2015 2139 2200 2196 ἐθνῶν
2235 2137 2588 2205 διδάσκαλος,

531 2231 810 2290 suaficata
846 2233 914 2287 τὰ
953 2236 1094 2304 ἔθνη
1888 2230 1995 2282 υἱοὶ
2033 2226 2132 2283 τοῦ
2167 2227 2464 2302 Ζεβεδαίου
2569 2274 2584 2287 ,

531 2320 609 2382 εἰς
643 2316 891 2394 Χριστοῦ
925 2324 1058 2390 μίαν
1093 2324 1294 2386 πίστιν,
1333 2316 1546 2390 σοφοὺς
1888 2313 1990 2370 σὺν
2023 2313 2089 2389 τῇ
2122 2312 2286 2388 λοιπῇ
2320 2311 2512 2370 ὀκτάδι
2547 2312 2776 2390 Χριστῷ

530 2408 622 2458 καὶ
656 2400 895 2479 ῥήτορας
931 2400 1008 2467 ὥς
1042 2404 1267 2479 μωροὺς
1891 2400 2264 2478 πρεσβεύσατε
2295 2399 2535 2469 ἐκτενῶς,

532 2489 925 2565 ἀπελέγξαντες
958 2491 1023 2564 τῇ
1058 2490 1271 2565 γνώσει,
1890 2487 2173 2555 avio-&eruis
2211 2487 2359 2564 ἡμᾶς
2393 2488 2636 2565 περᾶσαι

535 2575 994 2652 παμμακάριστοι
1031 2574 1344 2633 ἀπόστολοι.
1891 2576 1988 2647 τῆς
2023 2582 2269 2649 νηστείας
2303 2575 2366 2633 τὸ
2404 2572 2696 2647 διάστημα.

2337 2664 2606 2735 Triodion,
2642 2663 2708 2732 R,
2743 2663 2797 2715 4.

560 2836 695 2892 Eine
745 2835 944 2893 Oratio
995 2835 1064 2891 de
1113 2837 1367 2892 omnibus
1428 2836 1712 2907 apostolis
1765 2842 1825 2893 et
1887 2837 2262 2910 evangelistis
2315 2839 2470 2892 steht
2523 2838 2580 2890 in
2635 2835 2737 2892 der
2792 2835 2894 2892 ns.
2944 2852 3018 2891 zu

390 2924 452 2981 S.
489 2924 659 2979 Peter
696 2923 756 2977 in
774 2922 1059 2994 Salzburg
1084 2923 1174 2992 Ἦ,
1206 2924 1258 2978 3.
1293 2923 1393 2978 des
1430 2925 1498 2977 15
1525 2924 1724 2980 Jahrb.
1759 2925 1818 2980 in
1855 2926 1924 2978 16
1952 2925 2254 2996 Strophen,
2291 2923 2462 2980 deren
2499 2928 2652 2980 erste
2687 2939 2756 2980 so
2792 2923 3018 2979 lautet:

606 3047 805 3115 Petre,
839 3046 1104 3115 princeps
1140 3041 1273 3101 fidei
1960 3062 2078 3116 me,
2114 3053 2310 3118 pater,
2348 3062 2386 3103 a
2419 3046 2659 3102 vinculis

670 3138 731 3187 et
766 3131 1160 3202 apostolorum
1174 3173 1190 3196 ,
2031 3134 2194 3190 solve
2230 3140 2620 3206 peccatorum,

597 3218 688 3274 eui
723 3218 916 3297 claves
953 3219 1150 3274 traditi
1957 3235 2063 3291 per
2099 3225 2157 3275 te
2195 3224 2257 3275 ut
2291 3220 2570 3276 introeam

667 3311 797 3362 sunt
830 3307 995 3380 regni
1031 3307 1329 3363 coelorum.
2030 3307 2237 3378 gaudia
2263 3313 2602 3364 sanctorum.

1117 3587 1292 3661 671.
1372 3589 1490 3660 De
1538 3614 1595 3660 s.
1646 3589 1872 3693 Petro
1927 3589 2274 3688 apostolo.

386 3784 635 3852 Audite
671 3788 943 3870 fratres,
989 3788 1163 3852 fama
1745 3793 1977 3858 flentes
2023 3792 2207 3858 duxit
2250 3812 2336 3858 ex
2380 3794 2609 3858 ordine

387 3890 570 3973 Retri
612 3892 897 3976 pastoris
936 3893 1242 3976 plurima,
1746 3904 1980 3978 gentes
2027 3895 2246 3961 divino
2292 3898 2595 3961 carmine.
2924 3900 3009 3963 10

386 3993 794 4075 baptismatis
840 3993 1143 4059 libamina

386 4094 599 4160 fundit
641 4096 843 4161 veluti
888 4095 1166 4161 flumina.

1747 4166 2116 4249 euuangelii
2159 4173 2521 4251 praeconia,

389 4229 632 4352 Adsilft
673 4236 862 4354 nobJS
909 4237 1205 4355 sublimia
1602 4241 1641 4301 ⁵
1745 4267 1926 4333 facta
1968 4271 2301 4353 prostrata
2345 4271 2521 4356 legia

386 4345 597 4400 sancti
639 4336 820 4404 Petri
864 4340 1195 4424 suffragia.
1745 4369 1832 4434 (ιθ
1879 4368 2127 4436 satana
2171 4374 2463 4439 victoria,

1747 4060 2128 4127 celebravit
2171 4064 2447 4148 egregia

390 4523 505 4589 Bis
548 4525 803 4592 refulsit
845 4539 916 4595 ut
949 4533 1215 4599 fulmina
1746 4534 2001 4601 Dudum
2046 4538 2247 4622 elegit
2292 4541 2587 4608 dominus
2923 4547 3004 4609 15

388 4646 550 4694 sana
594 4637 962 4698 sanctorum
1002 4637 1293 4717 agmina,
1746 4636 2008 4703 Petrum
2052 4648 2122 4706 ut
2167 4643 2475 4726 optimum
2519 4645 2762 4728 oleum,
