3175 5234
368 273 501 339 *1⁸

502 457 669 525 Goeli
685 507 702 540 ‚
746 472 977 537 terrae,
1022 455 1252 537 maris,

504 563 885 647 angelorum
936 567 1003 624 et
1047 558 1372 624 hominum
1544 556 1624 618 ·5

508 699 711 778 Quem
761 697 969 763 solum
1015 694 1207 759 deum

505 802 887 869 confitemur
932 806 998 863 et
1040 797 1379 862 hominem.

375 997 436 1059 2.
500 991 622 1070 Qui
666 995 1056 1074 peccatores
1102 980 1334 1050 venisti

504 1100 579 1160 ut
621 1094 842 1158 salvos
886 1091 1173 1171 faceres,

507 1234 665 1302 Sine
708 1242 986 1319 peccato
1022 1233 1283 1317 peccati
1545 1230 1628 1296 1o

507 1355 840 1402 assumens
887 1334 1243 1399 formulam.
1301 1420 1305 1424 ,

509 1472 796 1549 Quorum
840 1471 925 1535 de
972 1488 1213 1552 grege,

506 1581 582 1638 ut
626 1572 1051 1654 Cananaeam,

1865 448 2072 515 Natus
2119 448 2204 514 de
2248 448 2505 532 virgine

1860 555 1970 638 qui
2009 572 2142 618 uon
2189 551 2566 637 dedignaris
2931 553 3017 616 4⁰

1862 658 2045 739 tangi
2090 658 2178 722 de
2218 657 2609 741 peccatrice.

1729 847 1793 911 6.
1855 841 1926 911 A
1967 843 2297 928 pharisaeo
2427 879 2435 886 -

1863 966 1940 1011 es
1980 947 2326 1028 invitatus,

1862 1049 2096 1116 Mariae
2140 1049 2404 1114 ferculis

1805 1171 1812 1179 ·
1863 1159 2228 1234 saturatus3
2925 1153 3008 1215 45

1864 1284 2137 1350 Multum
2181 1282 2441 1347 dimittis

1864 1386 2131 1453 multum
2177 1387 2453 1469 amanti,

1867 1509 1991 1555 nec
2035 1490 2280 1555 crimen
2323 1499 2558 1573 postea
2671 1538 2695 1561 .

1867 1595 2208 1679 repetenti.

510 1674 789 1751 Mariam
832 1676 1112 1740 visitasti
1148 1672 1632 1757 magdalenam,
1760 1705 1766 1709 -

381 1842 443 1908 3.
507 1839 754 1908 Eadem
798 1840 1027 1906 mensa
1548 1838 1629 1899 15

514 1944 702 2007 verbi
746 1942 948 2007 divini
1356 1930 1361 1935 ’
1471 1998 1481 2007 .

510 2046 687 2112 illam
759 2046 976 2128 micis,
1066 2044 1237 2111 hanc
1322 2044 1634 2108 refovens

1111 2148 1363 2231 poculis

512 2259 590 2327 In
635 2259 827 2326 domo

516 2360 797 2426 Simonis
844 2360 1092 2441 leprosi

325 2466 331 2473 '
412 2531 418 2535 ,
515 2461 831 2528 conviviis
879 2459 1205 2522 accubans
1551 2458 1636 2522 20

516 2563 771 2647 typicis.

384 2696 391 2705 ’
515 2700 877 2766 Murmurat

517 2802 881 2887 pharisaeus
898 2849 914 2882 ,
960 2800 1071 2865 ubi

517 2906 735 2990 plorat
778 2904 1017 2970 femina
1061 2904 1341 2969 criminis

516 3010 797 3075 conscia.
1551 3006 1636 3070 25

386 3178 447 3242 4.
509 3172 833 3239 Peccator
912 3172 1262 3238 contemnit
1335 3190 1636 3256 compec-

1137 3283 1418 3356 cantem,

516 3381 775 3465 peccati
816 3379 1073 3445 nescius
1117 3378 1538 3461 poenitentem

520 3483 789 3549 exaudis
806 3531 825 3566 ‚
874 3481 1219 3564 emundas,

518 3586 757 3649 foedam
805 3586 1108 3668 adamas,
1604 3661 1614 3670 ⁴

518 3694 590 3752 ut
634 3687 970 3770 pulchram
1015 3687 1236 3751 facias.
1551 3689 1636 3751 30

519 3820 734 3887 Pedes
781 3822 1189 3902 amplectitur
1232 3822 1608 3907 dominicoS,

520 3923 800 3989 lacrimis
836 3923 1046 4005 lavat,
1093 3924 1293 4007 tergit
1327 3925 1634 4007 crinibus,

516 4026 830 4109 lavanda,
878 4027 1236 4109 tergenda,

519 4138 849 4213 unguento
894 4133 1103 4215 ungit,

520 4237 760 4302 osculis
807 4237 1051 4302 circuit.
1554 4239 1638 4301 35

306 4426 341 4453 ’·
390 4426 452 4488 5.
516 4423 677 4488 Haec
723 4435 870 4489 sunt
915 4427 1249 4507 convivia,

523 4544 669 4608 quae
716 4530 830 4593 tibi
872 4530 1164 4611 placent,
1210 4550 1252 4594 o

523 4628 729 4708 patris
772 4632 1124 4711 sapientia,

1737 1783 1797 1846 7.
1857 1778 2206 1844 Daemoniis
2923 1784 3006 1848 50

1870 1903 2016 1947 eam
2061 1890 2310 1985 septem

1869 1986 2141 2051 mundas
2187 1982 2548 2070 septiformi
2589 1989 2859 2072 spiritu.
2965 2000 2970 2003 “

1868 2125 1974 2192 Ex
2019 2127 2286 2191 mortuis

1870 2236 1938 2292 te
1983 2237 2359 2310 surgentem

1871 2329 1990 2395 das
2022 2332 2268 2396 cunctis
2298 2330 2526 2395 videre
2554 2331 2867 2414 priorem.
2919 2334 3004 2395 55

1739 2520 1801 2583 8.
1861 2492 2031 2598 Hac,
2080 2517 2367 2601 Christe,
2411 2519 2827 2603 proselytam

1871 2622 2093 2703 signas
2140 2621 2521 2701 ecclesiam,

1872 2757 2077 2834 Quam
2121 2756 2208 2821 ad
2251 2756 2530 2821 filiorum
2574 2775 2872 2823 mensam

1789 2879 1799 2888 ·
1872 2879 2075 2927 vocas
2122 2862 2582 2943 alienigenam,

1871 2999 2077 3078 Quam
2120 2981 2638 3064 inter-convitia
2919 3003 3003 3067 60

1870 3098 2040 3187 legis
2083 3112 2153 3168 et
2195 3105 2430 3186 gratiae

1870 3239 2140 3326 Spernit
2183 3243 2492 3326 pharisaei
2536 3243 2782 3323 fastus,

1868 3346 2055 3429 lepra
2099 3356 2300 3411 vexat
2343 3346 2678 3411 haeretica.

1739 3539 1801 3603 9.
1859 3535 2081 3614 Qualis
2127 3537 2241 3618 sit,
2284 3544 2353 3600 tu
2399 3535 2558 3617 sciS,

1870 3638 2079 3719 tangit
2123 3646 2190 3701 te
2235 3638 2386 3720 quia
2428 3637 2805 3721 peccatriX,
2917 3639 3001 3701 65

1869 3739 2020 3822 quia
2062 3741 2275 3804 veniae
2320 3741 2623 3822 optatrix.

1871 3876 2187 3955 Quidnam
2232 3878 2506 3942 haberet
2641 3943 2648 3950 ,

1869 4001 2073 4065 aegra,
2117 3983 2175 4046 si
2218 4000 2347 4046 non
2397 3981 2787 4064 accepisset,

1875 4086 1933 4149 si
1976 4103 2105 4149 non
2150 4085 2437 4152 medicus
2481 4086 2803 4150 adesset?

1876 4222 2021 4288 Rex
2066 4242 2293 4306 regum
2340 4222 2522 4286 dives
2917 4226 3003 4290 '10

1876 4326 1944 4388 in
1989 4342 2244 4407 omnes,
2275 4341 2408 4387 nos
2452 4323 2670 4405 salva,

1876 4436 2295 4513 peccatorum
2341 4435 2608 4509 tergens

1833 4576 1843 4584 -
1877 4540 2110 4595 cuncta
2155 4530 2459 4610 crimina,

1877 4640 2246 4731 sauctorum
2291 4651 2446 4717 spes
2491 4639 2555 4697 et
2600 4631 2840 4715 gloria.
