3175 5234
449 483 577 548 iste
621 481 1042 547 certissimam

452 586 835 650 monstravit
877 584 1200 665 semitam,

455 724 531 790 ln
568 740 696 806 quo
741 723 831 787 nil
874 721 995 785 nisi

452 827 564 911 pia
608 825 984 909 simplicitas

455 947 535 995 ac
579 945 806 993 norma
849 926 1075 991 radiat.

325 1123 386 1186 8.
447 1118 570 1184 Hic
606 1119 745 1202 jam
792 1139 833 1183 a
862 1119 1082 1202 primo
1114 1117 1278 1183 flore

460 1236 530 1292 et
572 1228 755 1292 annis
800 1228 1042 1292 teneris

456 1333 724 1396 maturis
767 1332 1052 1396 moribus

455 1440 788 1497 senectam
828 1429 1173 1515 possidens

454 1567 737 1635 Cunctas
787 1569 1055 1633 lascivae
1100 1567 1316 1632 carnis

452 1670 799 1735 illecebras
844 1669 1114 1733 domans

451 1763 614 1854 ἁγίῳ
662 1762 988 1851 πνεύματι

452 1892 526 1938 se
571 1891 691 1937 vas
736 1872 1041 1938 exhibuit.

331 2065 392 2127 4.
458 2060 743 2142 Quantas
792 2061 919 2125 deo
966 2061 1209 2125 animas

450 2166 737 2230 lucratus
784 2164 1006 2246 fuerit,

453 2266 749 2330 dominus
794 2272 1088 2329 numerat

448 2378 517 2434 et
560 2368 765 2432 hostis
810 2368 1112 2448 ingemit3

454 2500 657 2587 Cujus
702 2520 911 2567 novas
956 2501 1202 2565 naeuias

333 2641 337 2645 -
451 2615 520 2670 et
561 2605 1010 2670 crudelissima

451 2710 686 2795 proelia
732 2709 984 2779 coelitus

450 2812 746 2877 suffultus
790 2819 1135 2876 straverat.

320 3004 380 3067 ἃ,
443 3000 576 3071 Iste
621 3004 888 3070 calicem
934 3003 1161 3068 lethali
1207 2962 1214 2969 .
1269 3046 1274 3051 -

449 3114 610 3192 potu
664 3105 1022 3192 spumidum
1068 3107 1314 3171 eminus

450 3210 650 3275 misso
696 3211 883 3293 signo
931 3210 1141 3276 crucis

451 3333 573 3381 ceu
617 3333 780 3381 saxo
816 3316 1001 3400 jacto
1046 3316 1354 3397 fregerat.

450 3452 982 3537 Persequentium
1027 3453 1246 3516 ruinas

453 3554 634 3619 dolet
675 3564 747 3620 ut
782 3555 996 3623 David
1037 3573 1241 3639 opera

455 3660 792 3722 absentum
836 3660 1067 3741 spiritu

454 3758 795 3837 cognoscit
839 3758 1182 3823 Helisaico.

1492 480 1572 542 10
1678 481 1743 544 6.
1800 474 1890 545 Ut
1924 495 2117 542 sacer
2151 475 2421 559 Moyses
2518 526 2527 531 .

1494 1118 1574 1179 15

1489 1667 1574 1729 20

1490 2262 1572 2324 25

1417 2877 1426 2883 ,
1489 2778 1586 2874 30

1487 3451 1573 3512 35

1810 582 1898 646 de
1942 600 2109 664 rupe
2151 579 2415 647 fluvium
2849 578 2932 643 40

1808 682 2121 767 precibus
2166 681 2369 763 elicit,

1810 785 2056 850 ferrum
2098 791 2330 850 natare
2373 783 2710 868 praecipit3

1812 943 1902 1012 Ut
1943 945 2207 1011 Petrum
2252 945 2547 1011 dominus

1812 1050 1912 1117 sic
1953 1050 2253 1114 Maurum
2296 1068 2564 1116 currere

1809 1153 2090 1233 fecerat,
2135 1144 2461 1237 πελάγους
2847 1154 2930 1214 45

1810 1247 2013 1340 φύσιν
2056 1273 2179 1337 per
2221 1252 2418 1317 fidem
2464 1272 2801 1335 superans.

1681 1528 1741 1590 ⁷.
1809 1521 2036 1588 orbati
2078 1523 2283 1607 patris

1811 1625 2051 1689 luctum
2098 1622 2405 1690 abstersit

1812 1728 2118 1794 defuncto
2148 1727 2318 1831 ›vitae
2362 1724 2636 1791 reddito.

1811 1887 2174 1954 collectum
2220 1885 2442 1952 mundi
2850 1885 2932 1950 50

1811 1993 2081 2076 globum
2120 1998 2314 2057 nocte
2361 2009 2481 2055 ceu
2574 2072 2579 2078 ·

1808 2100 1928 2165 sub
1976 2098 2135 2162 solis
2169 2096 2410 2180 jubare
2453 2095 2633 2159 vidit.

1679 2367 1759 2429 8.
1803 2363 1928 2430 Diu
1962 2365 2418 2449 praescriptum
2459 2362 2635 2428 beati

1810 2467 1910 2533 sui
1956 2468 2266 2532 transitus

1813 2570 1983 2635 diem
2024 2587 2447 2654 praenoscens
2491 2570 2775 2652 signavit
2848 2570 2931 2632 55

1811 2674 1983 2740 caris
2028 2673 2351 2739 fratribus.

1813 2833 2107 2900 obeunte
2153 2832 2384 2898 eodem

1814 2935 2075 3018 quidam
2120 2936 2619 3020 pulcherrimam

1810 3038 2113 3102 viderant
2155 3039 2321 3102 viam
2343 3086 2360 3121 ‚

1812 3212 1942 3278 Per
1989 3174 2180 3296 quam
2221 3213 2351 3276 illis
2396 3220 2500 3277 est
2544 3212 2783 3278 dictum
2849 3212 2934 3277 60

1810 3312 2234 3379 Benedictum
2277 3322 2532 3398 patrem

1814 3417 1996 3481 coelis
2043 3415 2411 3494 advectum,

1682 3662 1743 3724 9.
1806 3657 1946 3736 Quo
1994 3660 2180 3742 sequi
2223 3677 2343 3725 nos

1813 3760 2011 3826 donet
2056 3752 2366 3847 Χριστός.

500 3976 618 4032 Ans
655 3976 1101 4047 geschriebeneu
1135 3978 1413 4033 zusatzen
1449 3977 1550 4033 des
1590 3980 1658 4032 15
1694 3978 1894 4035 Jahrh.
1942 3994 2011 4032 zu
2058 3979 2238 4033 einem
2283 3977 2727 4050 gleichzeitigen
2760 3979 2935 4035 Mess-

321 4065 471 4121 buch
503 4063 562 4118 in
598 4062 915 4119 Karlsruhe
952 4065 1087 4133 (A).
1160 4064 1256 4120 Hs.
1290 4080 1360 4118 zu
1389 4064 1666 4120 lliinchen
1714 4063 1853 4121 Glm.
1896 4065 2085 4121 1w83.
2135 4063 2299 4121 f.·2⁰.
2318 4064 2435 4120 ‘des
2486 4066 2551 4118 11
2589 4065 2785 4122 Jahrh-
2831 4065 2938 4121 mit

325 4151 577 4208 Neumen
615 4150 743 4222 (B).
817 4151 1010 4208 Daniel
1037 4156 1091 4220 2,
1129 4154 1200 4206 57
1235 4151 1364 4224 gibt
1398 4152 1506 4207 den
1540 4150 1793 4225 Anfang.

499 4307 567 4358 12
603 4319 714 4374 qna
751 4305 814 4360 Β.
905 4308 974 4361 19
1010 4259 1264 4361 lasciviae
1302 4306 1365 4361 Β.
1450 4308 1519 4360 21
1556 4307 1693 4379 agio
1728 4305 2011 4377 pneumati
2044 4306 2159 4361 AB.
2243 4306 2316 4359 2⁷
2350 4304 2524 4377 hujus
2560 4303 2624 4359 Β.
2698 4304 2765 4358 41
2802 4318 2937 4375 pre-

318 4388 478 4445 cibus
533 4387 679 4447 fehlt
729 4394 795 4449 Α.
900 4395 971 4449 42
1013 4392 1300 4466 'proecepit
1350 4392 1414 4447 Β.
1519 4394 1591 4450 45
1638 4392 1879 4465 pelagus
1931 4391 2119 4465 phisin
2171 4391 2284 4448 AB.
2391 4393 2461 4444 55
2509 4391 2724 4447 Absatz
2770 4390 2832 4447 in
2871 4392 2936 4448 Β.

320 4478 392 4535 62
429 4478 604 4534 caelos
639 4480 700 4536 Β.
770 4483 842 4538 63
884 4500 1046 4553 quem
1080 4484 1144 4540 Β.
1216 4484 1290 4540 64
1335 4501 1568 4563 χρισὴτυς
1604 4481 1668 4537 Β.
