3175 5234
249 460 359 547 [Ut
400 481 526 549 pro
570 471 686 530 tuo
731 462 987 528 nomine

322 570 509 635 nobis
551 568 893 634 miseretur
1399 566 1485 632 20

413 751 823 823 Strassburger
858 749 955 806 Hs.
991 752 1052 806 E.
1090 751 1209 806 135.
1248 749 1335 808 ΒΙ.
1372 749 1442 804 68
1479 747 1592 820 (E)
1630 748 1742 803 und
1775 748 1841 803 Κ.
1858 749 1977 803 316.
2012 748 2095 802 Bl.
2121 749 2220 802 191
2261 747 2385 818 (S).

2570 275 2847 356 -m

1594 469 1662 527 et
1706 468 1852 527 tuus
1899 462 2013 530 tibi
2056 461 2375 528 famulans

1679 572 1891 630 tecum
1935 560 2336 643 coronetur]

246 838 334 895 lls.
372 839 478 894 No.
515 839 600 893 36.
654 839 741 893 Bl.
782 839 895 893 144.
931 839 1037 891 205
1097 837 1209 907 (R)
1258 838 1370 891 und
1405 836 1480 890 im
1514 835 1790 891 Hortalus
1826 835 2040 890 animae.
2090 835 2176 890 Bl.
2214 838 2314 890 141
2373 836 2503 910 (H).
2589 838 2750 893 Auch
2784 838 2845 894 in

245 926 339 984 der
373 926 540 981 Nova
574 925 841 996 Legenda
876 941 922 979 s.
960 923 1304 979 Katherinae.
1351 925 1658 995 Argentor.
1699 924 1854 979 15⁰8.
1890 920 1939 977 f.·
1970 925 2057 978 53.
2095 922 2184 977 als
2220 922 2421 979 Oratio
2459 924 2588 994 (N).

413 1049 447 1101 3
485 1047 588 1103 tibi
624 1045 684 1103 S.
789 1049 823 1101 5
859 1046 1329 1118 philosophorum
1364 1044 1436 1116 S,
1491 1045 1595 1101 das
1630 1044 1900 1117 fulgendo
1935 1042 2094 1102 fehlt.
2201 1047 2259 1099 δ’
2286 1044 2513 1100 traxisti
2548 1061 2731 1102 error.
2767 1044 2843 1115 N,

244 1134 410 1190 traxit
444 1139 503 1188 et
538 1133 828 1189 erroribus
863 1133 970 1190 Es.
1065 1135 1102 1186 ⁷
1136 1148 1262 1204 quae
1300 1132 1360 1189 S.
1456 1134 1490 1187 9
1527 1148 1634 1204 per
1670 1132 1787 1188 ΗΝ.
1880 1134 1948 1186 12
1986 1138 2147 1187 rotas
2186 1129 2430 1201 fractas,

2486 1132 2601 1187 alle
2637 1147 2840 1188 ausser

245 1223 341 1279 der
387 1227 579 1276 ersten
613 1219 912 1276 Abschrist
958 1221 1014 1275 in
1051 1221 1111 1275 R.
1213 1222 1282 1274 14
1317 1219 1478 1276 Sinai
1511 1220 1706 1276 locata
1740 1220 1802 1288 R.
1903 1222 1972 1273 17
2009 1219 2171 1274 deum
2207 1220 2269 1275 R.
2353 1220 2514 1276 Nach
2552 1222 2620 1276 18
2656 1222 2759 1278 hat
2796 1221 2843 1278 S

242 1307 543 1382 folgenden
578 1304 840 1376 Semuss,
878 1308 978 1362 der
1016 1308 1210 1363 weder
1245 1324 1315 1362 zu
1352 1307 1560 1363 diesem
1597 1308 1744 1363 noch
1782 1323 1906 1362 zum
1939 1307 2182 1378 vorigen
2221 1306 2389 1362 Liede
2426 1309 2664 1379 gehortt
2824 1319 2837 1332 ⁸

446 1397 571 1451 haec
608 1409 729 1451 cum
766 1401 1273 1479 repraesentamus,

450 1486 548 1554 da,
587 1490 649 1541 ut
684 1490 866 1540 tecum
901 1484 1246 1556 gaudeamus

1975 1395 2033 1450 in
2070 1396 2289 1451 coelesti
2323 1395 2543 1452 lumine.

241 1576 449 1631 19-22
484 1574 586 1630 hat
611 1590 717 1628 nur
744 1572 834 1628 ‹lie
861 1579 1014 1628 erute
1040 1570 1381 1630 Abschrift
1363 1589 1422 1629 111
1447 1572 1511 1628 R.
1580 1571 1779 1628 Dieser
1807 1572 2013 1634 Znsatz
2049 1576 2211 1643 passt
2235 1572 2394 1628 mehr
2420 1589 2545 1628 zum
2571 1571 2845 1634 Schlnsso

243 1664 336 1720 des
371 1663 612 1734 vorigen
647 1655 862 1717 Liedes.

1183 1965 1400 2088 1609.
1483 2014 1603 2085 De
1656 2010 1917 2116 eadem.

239 2252 391 2322 Ave
433 2254 628 2336 virgo
668 2251 1028 2318 Katherina
1044 2300 1064 2333 ,

237 2377 366 2445 ave
408 2366 660 2440 martyr
704 2366 770 2421 et
814 2357 1077 2438 regina,

237 2481 364 2526 ave
404 2478 648 2543 sponsa
696 2457 938 2523 Christi
981 2478 1175 2541 vera,

238 2585 365 2630 ave
411 2564 583 2629 mitis
628 2570 695 2628 et
740 2563 1012 2628 sincera.

235 2774 447 2858 Virgo
490 2774 595 2838 dei
642 2772 770 2837 deo
816 2772 1050 2856 digna,
1449 2777 1488 2837 5

239 2877 502 2942 Christo
546 2895 745 2959 prece
791 2895 894 2940 me
939 2877 1285 2959 consigna,

236 3000 471 3065 preces
516 2979 667 3045 audi
710 2980 1078 3064 peccatoris

241 3089 310 3146 et
353 3102 455 3146 me
500 3067 738 3146 munda
781 3081 951 3145 intus
995 3080 1174 3146 foris.

235 3299 484 3365 Preces
531 3298 717 3380 audi,
760 3305 1007 3383 praesta
1049 3306 1301 3377 votum,

240 3422 361 3470 cor
402 3405 469 3466 in
514 3405 690 3468 bono
732 3402 840 3468 sac
882 3402 1240 3484 immotum,
1410 3405 1492 3468 10

239 3506 470 3573 confer
513 3505 667 3570 mihi
711 3524 826 3572 cor
869 3508 1245 3589 contritum,

239 3630 409 3694 rege
437 3610 662 3675 .visum
714 3618 781 3676 et
825 3610 1136 3692 auditum,

145 3814 150 3820 ’
235 3826 431 3909 Rege
477 3833 734 3912 gustum
778 3833 846 3890 et
891 3827 1227 3908 olfactum,

237 3930 436 4011 virgo
475 3935 740 4008 sancta,
783 3948 945 4011 rege
990 3935 1265 4010 tactum,

236 4040 315 4097 ut
358 4031 423 4095 in
469 4033 715 4097 cunctis
760 4039 826 4096 te
870 4040 1143 4113 regente
1411 4035 1492 4095 15

237 4134 465 4198 vivam
508 4133 636 4200 deo
681 4132 842 4198 sana
885 4142 1117 4198 mente.

241 4350 545 4417 0.beata
589 4337 984 4434 Katherina,

237 4453 610 4538 Babylonis
656 4454 741 4520 de
786 4459 1040 4534 sentina

235 4558 404 4624 mihi
447 4566 648 4624 tutum
695 4558 782 4626 da
827 4558 1125 4625 ducatum
1148 4607 1166 4641 ,

243 4663 714 4747 plasmatorem
757 4663 882 4730 fac.
905 4662 1251 4747 placatum.
1411 4664 1498 4729 20

1594 2248 1757 2316 Esto
1800 2250 1953 2316 mihi
1998 2248 2431 2332 consolatrix,

1594 2373 1718 2439 pro
1762 2375 1864 2419 me
1910 2356 2000 2419 sis
2044 2353 2560 2437 interpellatrix,
2626 2409 2631 2413 .

1594 2476 1720 2543 pro
1764 2479 1868 2523 me
1914 2456 2235 2522 Christum
2282 2456 2659 2540 interpella,

1593 2569 1665 2628 ut
1708 2579 1810 2627 me
1857 2560 2072 2646 salvet
2116 2582 2154 2626 a
2199 2560 2511 2648 procella,

1594 2775 1926 2861 Superare
1972 2777 2079 2843 fac
2123 2797 2226 2842 me
2269 2773 2599 2859 mundum,
2757 2774 2845 2842 25

1594 2899 1678 2943 ne
1723 2879 2070 2961 demergar
2113 2880 2179 2942 in
2223 2877 2642 2963 profundum,

1594 3002 1678 3045 ne
1724 3002 1827 3046 me
1873 2983 2047 3046 sinas
2095 2983 2471 3066 naufragari

1537 3155 1541 3160 ,
1596 3085 1660 3147 in
1704 3084 1996 3168 peccatis
2041 3084 2106 3147 in
2152 3083 2279 3148 hoc
2323 3083 2504 3148 mari.

1596 3259 1803 3383 Virgo
1853 3299 1990 3379 dei,
2037 3318 2207 3366 nnnc
2250 3305 2608 3382 momente,

1598 3420 1727 3484 quo
1770 3403 2033 3483 labore,
2078 3420 2206 3485 quo
2251 3409 2575 3467 tormento
2756 3403 2847 3467 30

1505 3563 1510 3570 .
1597 3523 1868 3587 regnum
1914 3503 2021 3568 dei
2065 3504 2384 3587 meruisti,

1600 3625 1746 3692 quae
1791 3606 1887 3671 sic
1932 3606 2164 3676 coelum
2209 3603 2665 3672 conscendisti.

1525 3855 1528 3858 ·
1598 3825 1837 3889 Potens
1884 3825 1950 3887 in
1997 3832 2356 3909 conspectu
2400 3824 2515 3904 dei·

1596 3947 1844 3994 memor
1888 3937 2059 4011 estc,
2105 3948 2371 4014 precor,
2396 3923 2577 4010 mei,

1596 4050 1841 4096 memor
1887 4039 2030 4097 esto
2074 4031 2532 4115 supplicantis,
2764 4031 2849 4093 35

1597 4154 1844 4200 memor
1888 4141 2030 4199 esto
2053 4183 2072 4218 ,
2119 4132 2292 4217 quod
2337 4134 2405 4197 in
2448 4133 2642 4198 tantis

1603 4351 1765 4420 Sum
1813 4353 2104 4438 peccatis
2147 4351 2565 4433 constitutuS,

1606 4473 1854 4520 memor
1899 4461 2074 4536 esto,
2120 4451 2296 4535 quod
2341 4450 2628 4534 pollutus

1604 4557 1772 4621 faece
1817 4555 2030 4638 cnlpae
2069 4554 2256 4620 nimis
2299 4552 2541 4634 findor,

1607 4677 1855 4727 memor
1898 4666 2073 4746 esto,
2118 4660 2373 4745 quantis
2414 4657 2634 4726 laedor·
2764 4656 2851 4723 40

2452 748 2842 818 Reichenauer
2931 775 2934 779 Δ
