3175 5234
417 252 549 321 428

298 516 304 521 ,
419 441 476 509 0
519 436 1034 526 oliva‘pietatis,
1582 439 1670 503 25
1775 435 1906 503 Ora
1949 454 2075 522 pro
2118 436 2310 502 nohis
2355 436 2643 520 domina,

419 546 642 629 ecquis
687 551 819 609 tuae
856 542 1219 609 sanctitatis
1770 559 1895 624 per
1939 545 2007 603 te
2049 544 2277 604 nostra
2318 540 2709 624 peccamina

504 647 681 713 dicet
723 646 1181 711 excellentiam
1198 645 1235 709 8
1863 640 2225 706 deleantur.

416 830 636 897 Vitam
680 832 869 896 fratri
912 832 1232 916 meruisti,
1775 825 2090 912 Impetra,
2134 824 2431 908 Martha,
2478 827 2774 909 gratiam
2971 829 3044 892 4⁰

418 953 504 999 ex
548 952 721 1017 aqua
763 935 981 1001 vinum
1025 936 1239 1002 fecisti
1777 930 1910 1013 his,
1959 929 2068 1013 qui
2110 937 2283 995 tuam
2328 931 2714 995 memoriam

504 1054 627 1119 per
674 1033 957 1100 divinam
1003 1037 1302 1119 gratiam.
1587 1036 1680 1157 3⁰,
1863 1040 2276 1098 venerantur.

417 1219 721 1289 Animam
768 1232 895 1290 tuae
940 1207 1189 1290 sororis
1316 1206 1322 1211 ⁴
1778 1221 1833 1287 0
1879 1221 2267 1289 Tarasconis
2311 1232 2624 1308 patrona,

420 1327 655 1393 audisti
700 1332 998 1412 supernis
1047 1330 1265 1395 choris
1781 1326 2137 1393 Tarasconi
2179 1346 2411 1412 pacem
2457 1327 2629 1392 dona

504 1429 664 1492 ferri
708 1448 853 1495 cum
898 1432 1158 1513 laetitia3
1864 1448 2124 1514 semper
2169 1439 2235 1495 et
2279 1430 2599 1515 laetitiam,
2973 1435 3045 1496 4⁵

421 1611 679 1696 Corpus
724 1620 901 1677 tuum
945 1612 1340 1709 Tarasconae
1778 1614 2117 1699 Gursuque
2162 1617 2318 1681 vitae
2361 1617 2662 1701 perfecto

420 1715 725 1798 sepelivit
770 1735 913 1782 cum
957 1715 1294 1783 Frontone
1587 1720 1670 1783 35
1776 1739 1896 1785 nos
1942 1719 2144 1786 ducas
2190 1722 2446 1785 tramite
2493 1729 2682 1786 recto

508 1816 810 1885 Christus
856 1842 1049 1888 manu
1092 1825 1380 1908 propria.
1522 1856 1527 1862 ·
1864 1824 1949 1889 ad
1993 1843 2343 1910 supernam
2391 1826 2656 1891 curiam.

591 2006 689 2062 Hs.
732 2002 804 2062 z‘u
860 2005 1340 2064 Pommersfelden
1394 2008 1501 2064 No.
1540 2008 1702 2064 2926.
1749 2010 1814 2061 15
1867 2007 2065 2064 Jahrh,
2118 2009 2278 2076 (A).·
2350 2006 2569 2061 zweite
2623 2006 2728 2061 Hs.
2783 2009 3044 2066 dasellnt

415 2097 523 2152 No.
558 2095 716 2151 2888.
770 2098 836 2149 15
872 2096 1075 2152 Jahrb.
1112 2098 1239 2167 (B).
1313 2096 1510 2152 Dieses
1546 2094 1685 2150 Lied
1732 2094 1808 2152 ist
1856 2094 2334 2150 wahrscheiulich
2380 2110 2495 2149 von
2530 2094 2721 2148 einem
2761 2091 3042 2151 stanbi-

414 2183 590 2238 schen
642 2182 874 2237 Dichter
929 2184 1223 2255 gemacht,
1284 2185 1388 2239 der
1425 2183 1517 2238 die
1550 2182 1815 2254 Legenda
1869 2183 1971 2238 der
2007 2182 2268 2254 Belligeni
2307 2182 2365 2237 in
2406 2179 2880 2239 Siidfrankreich
2935 2184 3043 2240 wel

413 2270 641 2328 kaunte.
1412 2268 1417 2273 ’

482 2398 489 2405 ’
591 2396 627 2449 3
661 2393 855 2449 hostia
880 2394 946 2447 A.
1019 2395 1085 2447 11
1124 2391 1423 2448 laudantur
1456 2393 1519 2449 Β.
1591 2395 1660 2448 13
1691 2394 1852 2465 juste
1886 2397 1955 2449 st.
1991 2392 2055 2448 Β.
2131 2395 2198 2447 14
2234 2408 2432 2465 regum
2468 2391 2615 2449 fehlt
2641 2394 2714 2449 Β.
2770 2398 2852 2449 17
2881 2397 3038 2452 bruta

417 2496 470 2536 v.
507 2482 569 2535 B.
677 2482 748 2535 19
801 2484 859 2534 et
894 2476 933 2533 f.
971 2484 1059 2534 est
1092 2480 1204 2534 AB.
1312 2483 1382 2534 22
1439 2481 1776 2536 damnantur
1828 2480 1890 2536 B.
1996 2482 2068 2535 26
2116 2485 2174 2536 et
2229 2481 2352 2551 quis
2403 2481 2517 2535 AB.
2623 2482 2701 2535 32
2757 2483 2934 2538 audis
2991 2484 3041 2538 Β.

418 2570 487 2623 41
527 2574 622 2623 tua
660 2565 958 2622 sollemnia
993 2567 1058 2622 A.
1132 2567 1348 2621 43—45
1386 2565 1556 2622 dasiir
1592 2568 1693 2623 hat
1728 2568 1801 2623 B:
1850 2567 1909 2623 in
1946 2567 2213 2640 angustia
2248 2567 2449 2623 mortis
2485 2566 2635 2623 hora
2674 2569 2890 2641 nobis,
2924 2587 3043 2643 pre-

419 2668 640 2722 camur,
695 2654 938 2725 implora
973 2659 1339 2724 peccatorum
1374 2656 1612 2711 veniam.
1686 2657 1850 2712 Diese
1886 2655 2232 2728 Aenderung
2270 2657 2531 2726 verrath,
2599 2656 2742 2712 dass
2778 2677 2920 2716 man
2954 2661 3042 2717 das

420 2741 562 2883 Lietll
591 2738 686 2797 fiir
722 2742 847 2884 ῗυθ
884 2742 1093 2798 andere
1132 2744 1338 2803 Kirche
1379 2745 1755 2818 cingerichtet
1789 2746 1904 2800 hat.
1978 2747 2051 2801 44
2087 2746 2430 2802 Tarasconis
2462 2748 2529 2801 A.
2616 2748 2694 2801 46
2739 2744 2862 2803 fine
2902 2766 2956 2821 p.
2989 2750 3042 2804 Β

417 2830 488 2883 47
564 2833 694 2884 ucat
779 2870 791 2881 .

1343 3116 1561 3191 1068.
1621 3116 1725 3190 S.
1778 3113 2102 3188 Marthae.

415 3315 636 3403 Illuxit
680 3315 819 3379 dies
865 3316 1140 3402 domini,
1776 3317 2104 3384 Mandatis
2147 3321 2275 3385 tuis
2321 3320 2566 3404 paruit,

413 3416 532 3483 suo
580 3417 735 3484 dent
779 3420 1007 3485 laudes
1057 3405 1297 3486 nomini
1622 3406 1626 3413 ’
1777 3411 2196 3503 quamohrem
2239 3422 2444 3504 signis
2490 3425 2730 3489 claruit

416 3539 661 3585 canoro
707 3532 940 3605 gentes
986 3526 1302 3610 carmine,
1510 3520 1517 3526 ’
1691 3520 1698 3525 ’
1777 3524 1864 3589 ad
1907 3525 2178 3589 salutem
2223 3524 2542 3610 fidelium,
2899 3526 2906 3531 ’
2975 3532 3044 3594 15

417 3623 574 3687 lucis
618 3629 868 3689 creator
917 3630 1159 3707 optime.
1316 3708 1326 3717 ο
1777 3645 1896 3694 rex
1943 3627 2200 3710 Christe,
2239 3628 2450 3713 factor
2494 3632 2800 3697 omnium.

415 3808 558 3875 Hac
604 3809 709 3873 die
755 3810 1016 3874 Martha
1062 3813 1309 3878 civibus
1629 3821 1668 3881 5
1775 3817 1942 3881 Dum
1988 3836 2180 3883 caros
2226 3836 2381 3883 suos
2428 3818 2635 3882 aleret

415 3912 833 3997 conjungitur
881 3914 1284 3998 coelestibus,
1355 3926 1361 3933 ’
1775 3921 2122 4003 vinumque
2157 3919 2297 4005 jam
2347 3919 2700 4003 deficeret,

417 4021 688 4079 caterva
735 4035 876 4080 cum
924 4017 1224 4100 angelica
1282 4042 1305 4051 ³
1774 4022 2029 4087 vertisti
2073 4023 2405 4107 lympham
2452 4025 2517 4087 in
2562 4044 2857 4109 merum,

415 4115 651 4181 exultet
692 4118 845 4185 aula
889 4121 1120 4186 coelica.
1779 4127 2061 4192 conditor
2104 4127 2268 4194 alme
2306 4128 2598 4195 siderum.
2967 4132 3046 4195 20

416 4303 579 4371 Haec
625 4308 867 4373 coelebs
914 4308 1064 4375 dum
1110 4312 1422 4378 existeret
1782 4316 1942 4395 Quae
1986 4325 2086 4401 te,
2134 4316 2428 4400 Christe,
2474 4316 2804 4400 quondam
2847 4322 3048 4404 pavit,

420 4413 489 4468 et
532 4408 729 4472 vitam
774 4421 1066 4477 sanctam
1105 4413 1408 4499 duceret,
1591 4422 1672 4485 10
1783 4421 1958 4485 illam
2005 4421 2120 4487 tibi
2163 4421 2438 4487 sociavit

421 4528 571 4573 eras
616 4513 770 4577 vitae
816 4534 953 4581 suae
999 4519 1216 4601 quies,
1781 4524 2028 4588 dextris
2072 4543 2377 4609 sponsam
2424 4525 2777 4609 specialem

427 4608 670 4677 Christe
686 4661 701 4692 ,
747 4619 852 4696 qui
895 4619 1007 4683 lux
1049 4639 1117 4686 es
1160 4625 1220 4687 et
1260 4626 1410 4691 dies.
1780 4628 1935 4695 urbs
1976 4629 2160 4696 beata
2202 4631 2574 4697 Jerusalem.
