3175 5234
1054 655 1228 727 696.

197 878 262 942 Ο
305 879 599 961 piscator
643 876 907 957 nobiliS,
981 937 984 940 .

296 1002 339 1044 a
385 978 647 1042 Christo
693 986 954 1058 vocate,

201 1081 488 1148 Andrea
537 1081 859 1162 amabilis,

296 1204 481 1250 meus
527 1184 875 1265 advocate,

201 1291 468 1354 salveto
517 1289 820 1351 millesies

311 1444 324 1455 .
361 1442 375 1453 .
424 1401 618 1473 atque
663 1392 892 1454 millies

299 1515 472 1559 nunc
516 1503 581 1557 et
626 1495 796 1558 omni
842 1493 1035 1573 hora,

207 1598 410 1663 michi
456 1597 830 1680 septuagies

209 1702 475 1766 veniam
520 1709 584 1764 et
632 1702 913 1783 septies,

307 1804 660 1887 deprecor,
707 1803 997 1885 implora.

211 1993 319 2057 Tu
363 2012 508 2056 cum
554 1993 705 2056 navi
749 1991 914 2054 retia

307 2094 603 2175 linquens
649 2112 721 2155 es
770 2099 1027 2155 secutus

213 2195 519 2260 vocantis
567 2193 848 2273 vestigia

312 2296 589 2377 Christi,
637 2305 702 2359 et
746 2298 1022 2360 imbutus

215 2401 370 2486 ejus
415 2398 730 2464 salutifica

215 2505 550 2583 doctrina,
597 2502 865 2566 mirifica

313 2608 630 2689 signaque
673 2606 927 2685 vidisti3

221 2710 334 2773 fac
382 2708 737 2789 relinquam
783 2715 1031 2788 terrea,

225 2810 487 2876 tendam
538 2809 619 2873 ad
667 2811 958 2873 aetherea

314 2934 437 2998 per
477 2912 809 2994 sequelam
856 2912 1112 2976 Christi.

223 3108 525 3173 Christus
570 3116 633 3171 te
682 3107 998 3170 secretius

318 3215 440 3278 sibi
486 3213 762 3276 sociavit

232 3339 375 3384 cum
420 3333 730 3399 germano
778 3315 978 3378 artius

322 3430 516 3501 teque
563 3419 917 3499 adamavit,

227 3524 599 3606 captivator
641 3522 912 3604 piscium

228 3628 444 3691 factus
489 3632 640 3707 post
681 3622 963 3686 fidelium

322 3737 554 3812 captor
599 3728 982 3805 animarum,

233 3829 390 3894 fidei
435 3849 535 3892 me
581 3828 824 3892 retibus

230 3943 494 4017 captum
532 3933 740 4015 junge
788 3933 1060 3995 coetibus

323 4054 493 4099 nunc
538 4035 1066 4099 christicolarum.

236 4222 470 4287 Fidum
515 4232 582 4286 te
629 4224 1010 4308 discipulum

328 4324 589 4389 Christo
637 4325 1118 4408 demonstrasti,

238 4427 389 4492 dum
421 4450 556 4512 per
603 4429 819 4493 mundi
872 4431 1178 4495 circulum

328 4531 535 4612 ipsum
580 4532 989 4614 praedicasti,

242 4633 418 4714 quod
464 4622 694 4699 cruore
741 4641 1045 4718 roboraS‚

1304 650 1429 725 Ad
1489 679 1544 725 s.
1600 652 1981 726 Andream.

1388 1802 1466 1863 10

1353 2400 1471 2495 ,15

1390 2913 1474 2975 20

1397 3518 1482 3579 25

1401 4034 1483 4095 30

1408 4637 1491 4698 35

1568 876 1717 940 dum
1764 873 2215 958 hincsscrucem
2263 878 2507 942 toleras

1657 979 1777 1042 sibi
1822 980 2286 1060 conformatus;

1568 1082 1697 1145 hoc
1742 1101 1841 1143 me
1889 1084 2075 1164 signo
2121 1091 2469 1165 protegaS,

1567 1184 1957 1261 benedicas,
2005 1185 2248 1264 dirigas
2314 1265 2321 1274 ·

1659 1305 1924 1370 gressus
1970 1287 2304 1350 incolatus,

1572 1475 1849 1540 Crucem
1895 1474 2309 1538 devotissime

1660 1598 1934 1643 cernens
1982 1579 2299 1659 salutasti,

1573 1703 1613 1746 a
1660 1701 1786 1763 qua
1830 1689 1895 1743 te
1941 1679 2268 1742 laetissime

1661 1783 1903 1864 suscipi
1943 1782 2226 1863 rogasti:

1577 1906 1658 1972 „o
1706 1907 1901 1967 crux,
1944 1887 2183 1966 inquis,
2228 1884 2508 1965 inclyta,

1573 1991 1875 2053 membris
1923 1988 2162 2050 Christi
2204 1985 2512 2068 praedita,

1664 2091 1920 2173 suscipe
1967 2082 2337 2153 clientem!“

1577 2215 1617 2260 o
1662 2196 1758 2259 sic
1802 2213 1904 2257 me
1951 2192 2223 2272 diligere

1577 2317 1833 2364 crucem
1878 2304 1946 2360 et
1989 2296 2244 2376 erigere

1664 2402 1769 2465 sac
1813 2401 1874 2463 in
1922 2399 2157 2463 coelum
2203 2401 2492 2459 mentem.

1583 2590 1679 2654 Tu
1722 2590 1785 2652 in
1835 2606 2025 2654 cruce
2070 2585 2267 2651 biduo

1669 2695 1856 2758 vivus
1902 2690 2307 2775 perdurasti,

1585 2813 1713 2878 quo
1759 2797 1964 2858 verbo
2014 2790 2273 2856 assiduo

1671 2898 1928 2979 plebem
1973 2890 2351 2957 informasti.

1584 3003 1774 3085 plebs
1817 2996 2071 3080 Aegeae
2111 2995 2384 3073 minitat,

1586 3106 1791 3187 pium,
1827 3101 2075 3182 justum
2122 3096 2405 3163 clamitat

1676 3205 1797 3271 sibi
1841 3201 2176 3281 redonari,

1590 3310 1710 3374 sed
1756 3308 1881 3372 tuis
1926 3319 2165 3387 parens
2209 3298 2512 3381 precibus

1592 3414 1672 3478 de
1720 3418 2084 3475 sanctorum
2133 3402 2404 3469 coetibus

1676 3514 1833 3579 fecit
1877 3507 2195 3594 adjuvari.

1590 3704 1771 3785 Ergo
1819 3699 1966 3764 coeli
2007 3694 2275 3780 praemio

1678 3807 1974 3891 gaudens
2020 3822 2190 3869 nunc
2234 3805 2464 3866 beatus

1592 3924 1702 3979 tuo
1747 3932 1848 3975 me
1888 3907 2216 3974 consortio

1668 4016 1914 4099 jungas
1961 4017 2294 4087 exoratus,

1590 4119 1655 4181 in
1703 4116 1870 4181 omni
1916 4110 2208 4197 periculo

1593 4221 1804 4285 crucis
1849 4217 1955 4280 fac
2000 4208 2338 4294 signaculo

1680 4332 1789 4386 tua
1833 4336 2033 4402 prece
2079 4320 2317 4390 tutum,

1597 4427 1817 4492 mortis
1863 4426 1925 4488 in
1973 4418 2252 4485 divortio

1600 4541 1710 4596 tuo
1756 4525 2117 4614 patrocinio

1689 4638 1830 4695 esto
1876 4629 2031 4693 mihi
2076 4631 2345 4690 scutum.

2694 265 2829 329 103

2735 1284 2823 1346 40

2740 1880 2825 1940 45

2744 2389 2829 2450 50

2750 2986 2833 3047 55

2754 3497 2838 3560 60

2759 4098 2845 4161 65

2767 4611 2854 4678 70
