3175 5234
396 269 485 335 20

574 454 687 509 Das
725 453 859 509 Lied
896 454 972 509 ist
1008 468 1121 509 von
1159 456 1379 510 Kourat
1414 468 1528 511 von
1564 453 1903 526 Heimburg‚
1952 454 2120 510 Prior
2152 455 2252 511 des
2290 458 2901 516 Karthfiuserklosters
2943 480 3023 519 zu

395 540 632 612 Gaming
668 541 727 595 in
763 541 1138 613 oesterreich,
1174 540 1286 596 untl
1322 540 1478 595 steht
1513 540 1660 595 auch
1697 556 1788 595 am
1822 541 1976 597 Ende
2013 541 2114 597 der
2148 542 2475 616 Sammlung
2511 546 2695 601 seiner
2720 544 2927 603 Lieder
2958 549 3022 605 in

397 628 500 683 der
533 628 871 685 Hiinehener
906 630 1001 684 Hs.
1042 629 1179 686 Clm.
1216 629 1319 686 No.
1354 630 1511 684 3012.

575 755 643 804 17
679 767 890 822 amara,
927 753 1023 808 Hs.
1095 754 1167 807 39
1202 752 1452 821 conscio,
1482 753 1577 808 Hs.
1656 754 1727 807 69
1755 752 2175 824 concinentium,
2212 754 2306 810 Hs.

568 875 638 929 V.
659 880 709 931 9.
733 878 815 931 10.
836 876 1127 931 mediator.
1160 875 1417 931 Christus
1441 892 1556 932 non
1578 892 1683 947 per
1705 877 1816 932 hoe
1840 875 2116 932 mediator
2140 881 2244 945 est,
2272 876 2423 946 quod
2449 876 2685 947 aequalis
2711 882 2801 933 est
2825 880 3026 951 patri3

395 977 500 1033 per
524 963 632 1017 hoc
650 963 796 1016 enim
822 967 1085 1033 quantum
1106 967 1270 1032 pater
1297 966 1510 1018 tantum
1532 968 1592 1019 et
1615 963 1738 1034 ipse
1762 963 1933 1019 distat
1951 980 1987 1019 a
2008 964 2190 1033 nobis,
2217 970 2275 1019 et
2290 963 2571 1034 quomodo
2591 964 2702 1021 erit
2717 966 3026 1037 medietas,

392 1049 490 1103 ubi
526 1047 720 1102 eadem
755 1048 882 1120 ipsa
916 1049 1184 1104 distantia
1221 1051 1352 1104 est?
1423 1050 1554 1105 Ideo
1593 1050 1889 1120 apostolus
1925 1053 1998 1121 (1
2037 1051 2274 1106 Timoth.
2306 1054 2370 1120 2,
2409 1053 2488 1121 5)
2537 1068 2652 1107 non
2685 1052 2795 1108 ait:
2860 1070 3024 1109 unns

402 1134 683 1191 mediator
718 1135 810 1190 (lei
847 1141 905 1191 et
940 1135 1223 1191 hominum
1259 1136 1518 1192 Christus
1550 1137 1749 1205 Jews,
1807 1136 1928 1191 sed:
1983 1138 2153 1193 homo
2191 1137 2448 1194 Christus
2487 1139 2676 1195 Jesus.
2749 1140 2860 1195 Per
2896 1142 3025 1197 hoc

400 1242 544 1297 ergo
579 1225 888 1296 mediator,
926 1242 1031 1297 per
1066 1226 1219 1297 quod
1253 1228 1424 1282 homo
1461 1224 1702 1282 inferior
1737 1232 1930 1298 patre,
1966 1244 2071 1297 per
2105 1227 2253 1298 quod
2286 1229 2453 1284 nohis
2480 1227 2881 1301 propinquior3
2915 1244 3026 1282 eu·

395 1312 589 1383 perior
636 1313 832 1382 nobis,
894 1328 997 1383 per
1033 1312 1187 1383 quod
1224 1313 1376 1383 patri
1412 1302 1822 1383 propinqui6r3
1885 1314 2037 1384 quod
2074 1314 2328 1385 apertius
2362 1314 2447 1369 ita
2482 1315 2713 1383 dicitur,
2766 1313 3028 1369 inferior

399 1404 593 1470 patre,
631 1398 763 1469 qnia
798 1399 856 1452 in
892 1396 1079 1454 forma
1117 1400 1284 1468 servi,
1339 1400 1604 1470 superior
1639 1399 1819 1469 nobis,
1856 1401 1988 1470 quia
2023 1400 2143 1455 sine
2179 1400 2308 1456 labe
2345 1401 2578 1472 peccati.
2640 1404 2901 1472 Amudin.
2938 1401 3026 1458 do

401 1500 557 1555 pecc.
592 1485 741 1555 orig.
776 1487 864 1541 33.
901 1484 1042 1539 Phil.
1075 1488 1128 1554 2,
1166 1489 1216 1539 7.
1289 1486 1396 1544 Nu.
1431 1487 1555 1555 262,
1582 1488 1704 1541 337.

562 1572 630 1627 V.
668 1573 751 1626 18.
807 1571 983 1643 Styx,
1022 1572 1290 1628 ist'eines
1330 1589 1446 1629 von
1489 1573 1598 1628 den
1631 1574 1893 1644 wenigen
1931 1573 2208 1629 Wc’irtern
2245 1574 2346 1629 der
2380 1574 2752 1646 Mythologie‚
2785 1574 3024 1630 welche

393 1659 484 1715 die
520 1661 785 1729 spateren
820 1660 1022 1715 Lieder
1058 1662 1206 1716 noch
1242 1661 1543 1716 branchen.
1616 1662 1676 1717 S.
1713 1661 1819 1717 No.
1856 1663 1979 1730 535,
2017 1662 2101 1717 13.

558 1745 625 1800 V.
664 1749 734 1801 19
767 1745 864 1818 flg.
916 1748 1003 1803 Da
1039 1748 1127 1802 (lie
1162 1747 1348 1819 Engel
1397 1747 1619 1805 Geister
1655 1749 1755 1803 des
1789 1748 2030 1811 Liehtes,
2051 1748 2203 1817 sind,
2241 1765 2309 1804 so
2342 1749 2419 1803 ist
2453 1748 2604 1803 diese
2637 1748 3030 1821 Eigenschast

400 1830 526 1886 hier
572 1832 715 1887 eben
762 1850 830 1890 so
878 1835 1391 1905 hervorgehoben‚
1464 1834 1576 1889 wie
1628 1852 1690 1890 es
1735 1835 1793 1889 in
1842 1835 1950 1891 den
1995 1835 2230 1890 Menfien
2275 1851 2409 1890 vom
2452 1836 2732 1908 Erzengel
2776 1836 3024 1893 Gabriel

386 1917 591 1974 heisst.
631 1917 783 1984 ἅκτις
818 1916 973 1992 ἡλίου
1008 1919 1348 1992 πολύφωτος.
1411 1922 1525 1978 Jul.
1564 1922 1649 1977 Bl.
1683 1924 1771 1977 29.

565 2005 631 2061 V.
666 2008 754 2061 31.
791 2010 878 2064 32.
926 2009 1181 2065 duodena
1223 2010 1445 2082 clanga.
1509 2009 1612 2064 Die
1649 2011 1888 2081 Apostel
1924 2010 2154 2065 werden
2191 2010 2268 2066 im
2309 2012 2550 2069 Triodion
2586 2010 2693 2082 00,
2728 2012 2776 2066 6.
2831 2012 3016 2070 δωδε-

398 2093 742 2174 κάχορδον”
709 2120 947 2174 οργανον
981 2106 1247 2172 genannt.

571 2185 638 2241 V.
675 2189 757 2242 49.
813 2188 1096 2259 phalanx,
1135 2188 1168 2260 ἡ
1205 2190 1435 2262 φάλανξ
1472 2188 1578 2246 τῶν
1612 2193 1725 2245 σῶν
1757 2186 2066 2266 μαρτύρων.
2118 2189 2232 2245 Jul.
2269 2189 2355 2245 131.
2389 2191 2477 2245 23.

569 2273 637 2329 V.
673 2275 758 2328 50.
816 2277 1055 2331 cruoris.
1113 2276 1251 2349 αἷμα
1295 2277 1410 2332 τῶν
1456 2274 1753 2353 μαρτύρων
1788 2276 2016 2347 δαίμοσι
2049 2276 2149 2347 μὲν
2188 2275 2453 2352 φοβερὸν,
2517 2273 2768 2352 αγγελοις
2805 2275 2864 2329 δὲ
2903 2297 3014 2333 πο·

393 2360 601 2429 &aaron
638 2360 767 2431 ἡμῖν
804 2361 866 2416 δὲ
899 2360 1182 2438 σωτήριον.
1257 2364 1512 2436 chrysost.
1551 2363 1739 2418 homil.
1774 2365 1810 2417 3
1846 2363 1902 2419 in
1938 2363 2065 2418 lsai.
2103 2367 2152 2418 1.

565 2446 631 2500 V.
668 2450 755 2501 71.
812 2448 991 2503 vestis
1028 2449 1325 2519 nuptialis,
1362 2449 1463 2503 mit
1497 2449 1690 2520 Bezug
1726 2446 1834 2504 auf
1862 2449 2054 2505 matth.
2087 2452 2178 2520 22,
2216 2453 2301 2505 12.
3021 2512 3028 2517 ,

563 2532 627 2587 V.
664 2535 750 2587 73.
788 2538 1114 2589 sanctorum
1146 2534 1422 2602 societas,
1462 2533 1568 2591 τῶν
1607 2534 1774 2592 ὁσίων
1811 2534 2081 2611 πλήρωμα
2118 2536 2259 2591 oder
2294 2533 2565 2607 τάγματα.
2616 2536 2727 2593 Jul.
2747 2536 2828 2592 Bl.
2846 2540 2898 2593 ⁷.
2921 2541 3011 2594 14.

1170 2818 1344 2891 629.
1414 2819 1526 2889 De
1582 2818 1906 2891 omnihus
1959 2820 2237 2891 sanetiS.

336 3042 343 3053 ·
383 3021 535 3087 Ave
583 3022 689 3087 dei
733 3024 1015 3106 genitrix
1033 3073 1050 3105 ‚
1742 3024 2149 3110 Angelorum
2200 3025 2492 3109 ordines,

470 3132 677 3188 mater
721 3126 1014 3209 pietatis,
1827 3130 2016 3196 deum
2061 3130 2169 3213 qui
2213 3128 2482 3195 laudare

383 3226 529 3290 fons
569 3227 1061 3311 misericordiae,
1744 3250 1872 3296 non
1922 3233 2194 3297 cessatis
2237 3231 2485 3315 jugiter

472 3330 674 3395 robur
717 3329 1107 3414 honestatis,
1833 3342 2027 3416 atque
2075 3332 2351 3397 adorare
2367 3382 2384 3415 ,
2910 3337 3001 3400 20

380 3429 582 3495 lilium
625 3432 981 3514 munditiae,
1596 3437 1635 3496 5
1746 3420 2035 3517 sanam,
2088 3442 2349 3499 sanetus
2393 3455 2659 3517 canere,

468 3547 621 3594 rosa
664 3533 993 3614 puritatis,
1833 3555 2078 3620 nosque
2124 3540 2492 3619 gubernare

388 3631 628 3697 nardus
672 3634 1000 3717 pudicitiae
1013 3684 1031 3719 ,
1753 3640 1968 3704 velitis
2013 3640 2288 3707 feliciter

471 3738 671 3801 rnhus
716 3740 1050 3804 castitatis.
1833 3762 2219 3826 semperque
2257 3742 2512 3826 juvare.

387 3911 593 3988 Cares
639 3944 785 4006 quae
831 3928 1227 4011 criminibus,
1748 3931 2148 3997 Patriarohae
2191 3931 2466 4014 mystico
2915 3934 3002 3997 25

471 4035 584 4093 tuo
628 4029 718 4092 sis
765 4031 1004 4095 auxilio
1554 4036 1635 4098 10
1832 4035 1959 4100 ritu
2002 4035 2405 4099 immolantes
2430 4084 2448 4116 ‚

383 4131 511 4194 tuis
556 4148 810 4215 quoque
854 4135 1160 4216 precibus
1745 4140 1911 4222 vita,
1958 4138 2157 4204 corde
2177 4187 2195 4220 ‚
2241 4139 2494 4204 cantico

474 4252 694 4299 coram
738 4245 849 4302 tuo
896 4237 1032 4304 filio
1832 4242 2022 4306 deum
2068 4243 2464 4307 honorantes
2482 4291 2500 4325 ‚

387 4353 511 4419 pro
560 4341 807 4404 eunetis
851 4340 1179 4423 fidelibus,
1745 4344 2089 4429 prophetae
2136 4343 2521 4427 prophetico

472 4442 681 4523 sitque
726 4447 986 4529 petitio,
1831 4447 2062 4532 spiritu
2114 4445 2421 4529 affantes,
2913 4449 3000 4512 30

386 4552 457 4608 ut
502 4562 621 4609 nos
666 4566 813 4629 cum
857 4551 1218 4634 agminibus
1556 4556 1636 4616 15
1743 4552 2026 4635 apostoli
2066 4552 2358 4636 publico>

476 4648 663 4712 sistat
706 4650 770 4713 in
816 4652 1073 4735 gaudio.
1829 4671 1993 4719 sono
2038 4656 2503 4738 praedicantes;
