3175 5234
141 478 360 560 Nunc,
408 495 450 542 o
492 481 746 561 martyr
791 476 918 542 deo
962 496 1145 558 care,
1501 475 1783 543 prostat
1823 476 1955 541 hoc
1996 494 2139 542 oum
2184 485 2381 561 patre
2420 485 2611 543 natus
2672 480 2754 541 25

144 581 257 645 fac
299 596 421 643 nos
464 577 689 643 hostes
735 576 1072 642 debellare
1502 580 1692 646 simul
1736 581 2070 662 utriusque
2114 579 2309 645 flatus
2325 628 2343 661 ,

143 685 628 768 inpungnantes
673 680 867 746 fidem
914 678 1185 763 Christi,
1503 697 1778 766 quorum
1824 695 2073 767 conpar
2118 691 2221 747 est
2264 680 2607 766 majestas,

148 806 338 869 quam
384 784 668 852 tenendo
714 801 843 848 non
889 784 1161 849 cessisti.
1503 784 1715 850 honor
1758 804 1999 869 perpes
2045 793 2112 849 et
2153 792 2462 868 potestas.
2513 804 2717 852 amon.
2818 804 2831 816 ·

325 967 421 1022 Rs.
459 982 528 1020 zu
565 963 751 1033 Grau,
786 964 948 1036 40193
985 964 1083 1018 des
1123 967 1191 1018 14
1226 965 1423 1022 Jahrb.

326 1091 362 1142 5
395 1086 593 1143 besser
631 1086 926 1160 vielleicht
958 1087 1110 1142 illos.
1184 1088 1252 1141 19
1286 1089 1465 1158 punis,
1501 1089 1597 1145 Hs.

661 1429 834 1512 922.
901 1437 1173 1512 Cursus
1218 1465 1273 1511 s.
1327 1442 1546 1538 patris
1598 1443 1817 1512 nostri
1866 1441 2248 1550 Francisei.

1049 1675 1150 1748 ad
1206 1672 1475 1748 laudae.
1543 1677 1862 1775 hymnus.

143 1844 394 1911 Plaude
441 1846 631 1910 turba
673 1843 1105 1927 paupercula,
1505 1845 1637 1912 Vili
1683 1855 2021 1912 contentus
2069 1851 2387 1933 tegmine,

142 1955 337 2033 patre
383 1946 584 2011 ditata
627 1966 955 2031 paupere,
1505 1957 1733 2015 sancto
1773 1951 2108 2016 calescens
2150 1950 2409 2016 flamine

142 2050 360 2115 laudis
404 2049 679 2133 propina
724 2049 959 2131 pocula
1503 2054 1661 2118 vicit
1706 2055 2027 2136 algorem,
2075 2063 2401 2138 caumata,

143 2172 341 2218 sacro
384 2153 699 2237 depressa
744 2155 963 2219 ubere.
1504 2155 1745 2222 Christi
1792 2157 1939 2226 dum
1983 2165 2203 2242 gestat
2246 2159 2565 2243 stigmata.

142 2345 272 2411 Hic
314 2347 620 2431 simplex,
669 2339 930 2429 rectus,>
960 2345 1248 2428 humilis,
1356 2349 1394 2408 5
1503 2343 1732 2412 Crucis
1777 2347 1982 2410 virtus
2028 2355 2095 2411 et
2139 2349 2354 2430 gratia

140 2449 329 2533 pacis
376 2448 583 2516 cultor
629 2449 950 2531 amabiliS,
1502 2467 1621 2513 nos
1666 2449 2005 2532 consignet
2048 2451 2114 2514 in
2158 2449 2476 2538 frontibus

143 2551 365 2616 lumen
408 2551 478 2615 in·
520 2571 680 2617 vase
724 2551 904 2618 fictili
1319 2541 1326 2548 ’
1500 2555 1564 2618 in
1609 2553 1909 2619 membris
1950 2563 2016 2621 et
2058 2557 2125 2620 in
2170 2557 2464 2623 sensibus

59 2687 64 2692 ·
143 2655 413 2738 ardens,
456 2656 680 2721 lucens
723 2655 787 2719 in
828 2657 1062 2739 fragili.
1498 2674 1623 2740 pro
1665 2659 1934 2741 perenni
1982 2658 2290 2742 custodia.

949 2952 1122 3026 923.
1167 2903 1297 3025 ‘ad
1329 2957 1665 3066 tertiam..
1711 2957 2026 3052 hyrcanus.

144 3150 376 3217 Crucis
423 3173 602 3217 arma
647 3150 962 3231 fulgentia
1500 3152 1646 3216 haec
1693 3152 1901 3217 crucis
1947 3171 2128 3216 arma
2171 3153 2479 3235 praebuit,

142 3253 311 3317 vidit
352 3252 739 3320 Franciscus
785 3250 1107 3316 dormiens
1126 3300 1144 3334 ,
1303 3249 1310 3254 ’
1502 3254 1731 3336 quibus
1776 3251 2195 3319 Franciscum
2238 3253 2442 3318 induit

142 3351 472 3420 Christum
518 3355 835 3420 dicentem
881 3353 1186 3451 audiens:
1497 3354 1819 3420 adversus
1866 3355 2327 3420 adversarium.

143 3464 302 3540 „tua
346 3467 533 3523 erunt
575 3458 720 3525 haec
768 3453 1037 3523 omnia.“

1505 3545 1733 3612 Crucis
1778 3547 1985 3613 virtus
2030 3556 2100 3614 et
2140 3549 2355 3632 gratia
2396 3556 2519 3616 etc.

142 3646 378 3714 Crucis
421 3649 523 3713 vis
568 3656 634 3715 et
679 3648 996 3732 refugium
1359 3652 1396 3711 5

927 3944 1100 4020 924.
1168 3947 1268 4019 ad
1308 3907 1595 4018 sextam.
1656 3933 1973 4043 hymnite.

140 4163 374 4230 Crucis
419 4131 678 4236 sacrata
719 4168 918 4236 lectio
1261 4249 1264 4254 ⁵
1496 4166 1834 4235 Francisci
1876 4168 2075 4234 traxit
2117 4166 2330 4233 studia

131 4276 246 4333 ter
290 4266 644 4336 Francisco
689 4290 762 4336 se
806 4272 1115 4355 praebuit,
1499 4279 1859 4355 cunctaque
1904 4270 2122 4336 cordis
2162 4270 2405 4354 gaudia

137 4370 294 4438 dum
339 4381 440 4439 ter
483 4376 717 4441 librum
761 4377 1015 4459 aperuit
1481 4394 1642 4442 ·cum
1688 4376 1861 4439 omni
1903 4373 2245 4440 desiderio.

134 4489 265 4558 pro
309 4477 564 4545 virtutis
609 4476 862 4553 indicio.

132 4659 373 4734 crucis
419 4663 662 4736 Christi
707 4664 973 4732 devotio
1355 4668 1398 4731 ⁵

1502 4547 1729 4631 Crucis
1772 4565 1981 4629 virtus
2024 4573 2092 4631 et
2138 4565 2351 4648 gratia
2396 4573 2519 4632 etc.
2560 4543 2565 4548 ⁵

2616 1957 2755 2049 ,ιο

2671 2559 2750 2620 15
