3175 5234
402 265 532 331 18⁰

395 453 500 521 En
544 451 778 537 Agnes
823 453 970 519 coeli
1015 454 1296 537 civibus,
1757 453 2019 517 intextis
2062 454 2307 538 passim
2361 456 2669 538 stragulis
2940 460 3027 523 15

486 575 605 625 suo
651 558 1001 642 conjuncta
1046 558 1267 640 ommi,
1571 559 1651 620 10
1844 574 1987 620 cum
2033 557 2302 639 gemmis
2346 560 2857 624 coruscantibus,

395 659 800 744 praefulgens
847 660 1268 743 apparatibus

484 761 673 828 adest
717 761 1035 826 tradenda
1080 762 1322 846 nuptui.
1757 741 1863 809 Sit
1905 764 2076 828 86⁰⁰
2123 747 2269 828 regi
2313 746 2547 830 &¹⁰¹5ae

1842 846 2026 928 lane,
2073 846 2277 912 decus
2322 857 2390 911 et
2432 848 2806 932 imperium,

396 949 725 1016 Gonnexis
771 951 911 1015 auri
955 949 1169 1014 fibulis
1758 948 1945 1033 cujus
1988 949 2220 1015 fruitur
2265 950 2433 1016 facie

479 1062 584 1119 est
625 1052 850 1117 induta
896 1052 1289 1137 duplicibus,
1842 1050 2076 1135 Agnes
2111 1053 2314 1137 jubar
2357 1055 2733 1120 coelestium.
2932 1056 3020 1121 20

571 1235 918 1291 Karlsruher
953 1236 1048 1291 Hs.
1089 1253 1141 1291 o.
1181 1236 1285 1292 No.
1325 1238 1390 1289 15
1425 1235 1626 1291 Jahrb.
1666 1234 1768 1290 mit
1802 1235 1904 1290 der
1939 1236 2198 1292 Melodie.

1050 1552 1221 1625 775.
1298 1552 1416 1624 De
1464 1579 1520 1624 S.
1577 1548 1885 1653 Agnete.
1953 1550 2045 1622 ad
2087 1553 2377 1624 tertiam.

391 1751 624 1836 Agnes
667 1755 733 1818 in
779 1755 933 1837 agni
978 1755 1209 1820 solium
1750 1758 2158 1840 Praesulgens
2204 1757 2568 1823 diademate

480 1874 624 1922 cum
658 1856 869 1940 jubilo
917 1855 1303 1939 traducitur,
1840 1860 1924 1926 ad
1971 1861 2266 1926 dextram
2314 1863 2468 1945 agni
2510 1861 2788 1946 residet,
2935 1867 3018 1931 10

394 1977 525 2042 quo
568 1960 796 2043 regale
841 1961 1213 2045 conjugium
1750 1964 2177 2048 psallentibus
2221 1964 2287 2027 in
2333 1973 2631 2029 neumate

478 2083 623 2131 cum
666 2063 880 2147 gloria
925 2064 1279 2149 perficitur.
1839 2066 2055 2132 choris
2100 2069 2330 2151 regina
2374 2067 2704 2152 praesidet.

389 2228 726 2297 Laetantur
770 2230 837 2293 in
882 2230 1184 2294 convivio
1606 2230 1645 2291 5

474 2334 805 2414 convivae,
847 2348 1090 2415 sponsa
1135 2331 1367 2395 fruitur
1752 2321 1856 2389 Sit
1899 2343 2070 2408 agno
2107 2325 2251 2409 regi
2298 2332 2419 2393 etc.

389 2436 456 2499 in
499 2437 823 2517 virginum
870 2433 1184 2517 triclinio,

477 2556 756 2623 sponsus
802 2556 1110 2622 sponsam
1156 2538 1578 2623 amplectitur.

563 2726 683 2781 Aus
719 2722 1018 2778 derselben
1053 2723 1165 2792 Hs„
1199 2724 1385 2779 worin
1422 2723 1567 2778 auch
1604 2723 1695 2778 die
1732 2722 1992 2780 nelodie.

564 2844 632 2899 V.
671 2847 721 2901 9.
777 2845 1066 2915 diadema,
1103 2841 1378 2912 ἀνεπλέξω
1414 2850 1561 2917 νίκης
1598 2843 1856 2919 διάδημα.
1914 2846 2035 2903 Oct.
2070 2849 2158 2901 21.
2211 2846 2271 2902 S.
2305 2845 2410 2902 No.
2448 2845 2571 2916 58⁰,
2608 2849 2657 2900 1.

561 2965 885 3037 Folgendes
921 2963 1097 3021 kurze
1131 2965 1271 3022 Lied
1316 2962 1425 3021 auf
1452 2965 1605 3023 diese
1642 2965 1868 3039 Heilige
1905 2969 2061 3023 steht
2095 2967 2169 3021 im
2205 2966 2620 3022 Antidotarium
2657 2967 2859 3023 animas
2894 2969 3016 3028 Nic.

390 3053 610 3109 Saliceti.
647 3054 956 3126 Argentor.
996 3055 1150 3108 1491.
1187 3050 1231 3108 f.
1270 3055 1388 3111 143.
1425 3054 1537 3109 und
1573 3052 1633 3108 in
1670 3053 1770 3109 der
1803 3054 1900 3110 Hs.
1938 3071 2009 3108 zu
2043 3054 2242 3122 mainz,
2281 3054 2429 3126 Aug.
2466 3053 2572 3110 No.
2600 3056 2724 3110 439.
2759 3055 2847 3112 131.
2874 3059 3009 3114 2⁰1.

595 3141 643 3198 Ο
680 3157 900 3214 gemma
937 3141 1255 3212 pudicitiae,
1893 3141 2154 3213 puritatis
2191 3141 2605 3211 spectaculum,

590 3227 937 3300 virginitatis
973 3228 1284 3300 speculum,
1890 3228 1994 3282 duc
2029 3225 2102 3284 ad
2143 3229 2460 3299 trophaeum
2496 3227 2706 3301 gloria!

586 3316 763 3390 jubar
798 3317 1150 3374 innocentiae.
1902 3330 2037 3385 nos,
2076 3317 2268 3386 Agnes
2288 3356 2302 3383 ,
2340 3315 2414 3371 ad
2448 3316 2785 3387 agniculum.

1293 3634 1465 3708 776.
1533 3634 1654 3706 De
1705 3659 1762 3706 s.
1806 3635 2113 3733 Agnete.

381 3835 653 3923 Aptata,
696 3833 946 3918 AgneS‚
993 3834 1292 3920 lampade
1739 3838 2045 3906 Formam
2089 3835 2354 3902 vivendi
2397 3838 2673 3920 instrue,

380 3942 466 4009 ad
510 3943 767 4027 nuptias
811 3942 867 4005 is
912 3939 1111 4005 hodie
1739 3960 1861 4007 nos
1902 3960 2102 4025 prece
2148 3948 2259 4005 tua
2303 3940 2613 4022 confove,
2921 3945 3008 4009 10

378 4049 608 4113 aeterni
652 4047 831 4130 regis
878 4045 1142 4128 gloriae,
1740 4053 1811 4111 ut
1853 4046 2175 4128 possimus
2219 4044 2528 4107 resistere

378 4170 569 4236 quem
615 4150 881 4216 laudant
927 4151 1135 4214 turbae
1180 4149 1447 4215 coelicae.
1740 4147 1944 4213 hostis
1990 4149 2195 4213 nostri
2237 4148 2561 4212 versutias.

377 4340 582 4405 Grata
627 4342 906 4404 conviva
953 4340 1207 4424 superis
1591 4341 1630 4402 5
1738 4338 2093 4421 Exemplar
2137 4339 2293 4403 vitae
2335 4339 2657 4422 virginum

376 4443 626 4508 coelesti
671 4463 910 4528 sponso
948 4444 1251 4528 jungeris
1739 4453 1914 4508 tuum
1961 4443 2237 4525 implora
2283 4440 2511 4524 filium,

376 4546 679 4629 amplexu
726 4549 889 4610 casti
933 4547 1228 4625 foederiS‚
1739 4555 1807 4610 ut
1852 4545 1997 4628 ejus
2041 4566 2164 4629 per
2209 4545 2514 4610 auxilium
2814 4606 2826 4612 ,
2919 4548 3003 4609 15

373 4646 695 4732 prudens»,
742 4667 871 4714 non
918 4667 1184 4735 compar
1227 4651 1440 4715 fatuis,
1737 4649 2087 4732 migremus
2133 4669 2254 4733 per
2300 4649 2578 4714 exilium.
