3175 5234
121 524 522 609 Angelorum
566 521 646 588 fis
689 523 905 588 socius
1470 541 1591 589 nos
1636 523 1906 607 fragiles
1948 540 2030 586 ue
2069 519 2335 606 despice
2352 567 2370 602 ‚

121 647 276 693 ense
319 635 653 693 truncatus
702 627 908 707 ocius,
1468 626 1587 693 sed
1631 626 2043 714 protegendo
2091 626 2366 710 respice.

120 731 348 797 coelum
394 730 654 796 scandis
699 730 1018 811 velocius,
1709 786 1722 799 ,

118 832 376 899 intende
421 833 659 898 nostris
705 834 990 899 vocibus.
1276 831 1361 915 20
1465 814 1651 898 Vita,
1698 817 1877 883 salus
1922 815 2249 899 ingenito,
2634 813 2723 879 2⁵

1465 928 1758 1004 potestas
1804 921 2167 1004 unigenito,

116 1020 377 1088 Placide
394 1069 413 1104 ,
458 1021 562 1084 vir
605 1021 875 1103 egregie
894 1010 927 1102 ,'
1102 1041 1113 1051 ·
1468 1021 1708 1087 flamini
1752 1022 2155 1107 perpetuitas

115 1130 364 1207 martyr
407 1124 599 1189 fortis
642 1132 711 1189 et
751 1126 963 1208 regie,
1469 1124 1591 1205 sit,
1635 1124 1840 1188 trinus
1884 1142 2012 1188 uua
2057 1121 2284 1189 deitas.

298 1306 393 1362 Η..
431 1307 532 1363 dos
567 1309 701 1366 nm.
740 1311 984 1366 smmn.
1024 1311 1279 1383 cit—,agna
1314 1325 1383 1363 m
1420 1264 1704 1380 Venedi&
1751 1308 1862 1364 No.
1898 1309 2056 1365 zoes.
2104 1309 2203 1363 «ιο.
2240 1308 2308 1362 15
2341 1307 2568 1376 Jahrb„
2629 1305 2726 1365 «lio

116 1393 269 1447 noch
314 1394 456 1448 zwei
492 1396 701 1452 andere
737 1397 936 1453 Lieder
982 1392 1090 1452 auf
1131 1396 1321 1452 diona
1355 1394 1618 1467 Heiligen
1667 1393 1903 1450 euthalt.
1973 1394 2109 1450 Drei
2143 1395 2352 1449 audere
2388 1393 2587 1449 Lieder
2621 1388 2734 1448 auf

116 1480 273 1536 diese
306 1480 563 1553 Heiligen
599 1498 702 1538 aus
738 1482 863 1557 dem
898 1482 1135 1539 Brevier
1170 1498 1285 1538 von
1319 1481 1378 1537 S.
1414 1482 1568 1536 zeno
1606 1480 1661 1535 in
1700 1479 1932 1536 Verona
1979 1481 2177 1536 stehen
2212 1479 2273 1539 in
2306 1478 2414 1535 den
2448 1481 2574 1537 Act.
2607 1478 2721 1537 SS-

115 1568 238 1626 οοι.
271 1570 323 1637 s,
359 1570 479 1624 113.

292 1717 322 1769 1
367 1715 745 1784 obazinensis,
780 1714 877 1770 Hs.
950 1715 1021 1768 10
1057 1712 1247 1768 mobil⁴
1281 1711 1377 1768 Hs.
1452 1713 1521 1767 18
1558 1712 1890 1769 tronchatus
1924 1713 2131 1780 socius,
2167 1712 2265 1768 Hs.

351 2070 356 2083 ”
454 2062 671 2138 1131.
750 2064 1092 2163 Procopii
1142 2060 1438 2136 abbatis.
1523 2062 1613 2135 ad
1669 2088 2006 2161 vesperas
2053 2060 2372 2159 hymnus.

114 2319 477 2388 Confessor
521 2317 628 2382 dei
671 2318 955 2401 lucidus,
1376 2306 1383 2311 ’
1471 2319 1731 2404 Captivi
1774 2337 1946 2383 nexu
1991 2315 2197 2381 libere

114 2424 247 2489 deo
285 2428 352 2486 et
391 2419 573 2503 genti
614 2420 922 2503 placitus,
1340 2504 1343 2507 ,
1472 2428 1737 2488 currunt
1782 2419 2149 2505 sepulcrum
2192 2418 2410 2483 visere

111 2524 372 2592 refulsit
413 2530 484 2590 ut
526 2523 824 2607 topazius
1472 2534 1540 2591 et
1583 2525 1673 2592 ibi
1710 2531 1933 2608 grates
1979 2522 2268 2604 solvere,

110 2633 348 2696 beatus
392 2626 497 2690 vir
538 2626 916 2709 Procopius.
1016 2625 1023 2631 ’
1305 2631 1315 2640 “
1473 2627 1668 2711 cujus
1706 2626 1902 2692 soluti
1952 2644 2235 2690 munere.
2636 2621 2726 2688 20

109 2817 286 2882 Nam
330 2814 531 2898 ipsius
577 2813 890 2897 suffragio
1327 2819 1366 2879 5
1472 2817 1636 2884 Post
1670 2816 2037 2900 prophetia
2081 2815 2375 2899 spiritum

108 2919 251 2983 vim
303 2919 500 2982 sentit
545 2917 748 2981 omnis
792 2919 979 3001 regio
1474 2919 1750 2986 mortale
1794 2918 2010 2984 reddit
2054 2917 2369 2999 debitum,

111 3029 186 3086 et
231 3021 376 3103 ejus
431 3019 748 3086 beneficio
1002 3034 1007 3039 “
1476 3022 1931 3089 commendans
1976 3041 2247 3105 gregem
2293 3014 2550 3086 domino

110 3121 415 3188 redditur
459 3123 651 3187 eaecis
696 3122 878 3187 visio.
1185 3158 1192 3166 ·
1476 3126 1779 3209 migravit
1826 3127 1908 3191 ab
1955 3109 2082 3188 hoc
2125 3123 2384 3188 saeculo.

111 3310 342 3375 Omnis
390 3309 540 3374 hinc
585 3309 855 3374 claudus
900 3310 1197 3393 graditur
1478 3312 1683 3397 Cujus
1728 3312 2031 3376 virtutum
2076 3309 2291 3392 gratia
2638 3308 2728 3374 25

108 3419 185 3476 et
233 3410 488 3475 daemon
532 3409 681 3475 inde
723 3410 1019 3494 pellitur,
1288 3415 1369 3481 10
1475 3418 1588 3502 pia
1633 3423 1839 3480 mater
1884 3413 2168 3479 ecclesia
2337 3399 2345 3407 ’
2569 3440 2579 3450 ·

107 3535 201 3579 ne
245 3516 436 3579 nobis
480 3515 684 3597 lapsis
728 3521 990 3597 noceat,
1480 3526 1577 3582 tot
1621 3522 1926 3581 coruscat
1968 3513 2325 3597 miraculis,

105 3615 240 3681 sed
289 3617 498 3680 virtus
543 3615 687 3699 ejus
731 3627 977 3701 pereat.
1474 3629 1634 3705 quot
1676 3620 1775 3686 sol
1820 3619 2195 3704 resplendet
2239 3619 2455 3685 radiis.

106 3804 522 3871 Fluminibus
568 3807 895 3870 contraria
1473 3810 1575 3876 Sit
1620 3811 1746 3877 deo
1788 3811 1962 3896 patri
2004 3809 2246 3895 gloria,

108 3907 316 3974 datur
360 3928 484 3993 per
527 3907 862 3992 glacialia,
1475 3916 1557 3980 sit
1602 3915 1736 3981 filio
1781 3915 2055 3980 victoria
2076 3964 2093 3998 ,
2641 3912 2732 3979 30

107 4008 298 4093 quod
342 4011 410 4075 in
454 4016 682 4075 aestate
728 4009 941 4074 media
1289 4010 1370 4074 15
1473 4017 1802 4101 pneumati
1847 4034 2102 4100 quoque
2150 4017 2392 4099 gaudia

107 4114 278 4178 dent
324 4115 661 4179 transitum
706 4117 825 4181 sub
870 4116 1121 4180 moenia.
1385 4187 1396 4198 ‚
1477 4117 1588 4182 det
1632 4136 1890 4201 semper
1935 4116 2079 4183 haec
2124 4117 2382 4181 familia.

298 4299 399 4356 Es.
438 4317 509 4355 zu
543 4301 817 4358 Mu’inchcn
853 4301 993 4360 clm.
1029 4303 1187 4358 6017.
1222 4297 1262 4356 f.
1298 4298 1384 4357 99.
1419 4298 1520 4356 des
1558 4300 1626 4354 15
1653 4298 1865 4366 Jahrb.

294 4423 333 4475 2
370 4421 642 4493 placidus,
678 4422 774 4479 Hs.
848 4427 918 4480 14
952 4423 1217 4497 geliadia,
1255 4422 1351 4481 Hs.
1423 4423 1493 4477 16
1528 4421 1641 4492 dat,
1676 4421 1772 4477 Hs.
1904 4476 1911 4483 ,
