3175 5234
1040 739 1211 814 932.
1275 739 1392 811 De
1444 764 1501 811 s.
1551 738 1957 810 Franciseo.
2026 735 2346 837 hymnus.

390 972 622 1039 Proles
668 969 752 1034 de
797 969 967 1034 eoelo
1012 967 1252 1052 prodiit
1752 987 1942 1051 quem
1985 966 2179 1050 hujus
2224 983 2354 1031 non
2400 966 2687 1031 deseruit
2937 970 3012 1033 15

393 1074 583 1139 novis
625 1079 815 1137 utens
861 1068 1208 1155 prodigiis,
1535 1139 1538 1140 ⁷
1750 1089 1984 1136 nomeu
2029 1070 2138 1135 vel
2182 1088 2371 1136 omen
2415 1073 2708 1137 nominis.

389 1174 622 1239 ooelum
668 1172 862 1239 eaeois
908 1171 1239 1254 apperuit,

391 1275 583 1341 siccis
629 1294 808 1339 mare
854 1272 1176 1354 vestigiis,
1750 1254 1954 1338 Legi,
1998 1255 2380 1341 Proph02ae‚
2425 1259 2656 1340 grafiae

1753 1368 2010 1442 gratum
2055 1379 2295 1442 gerens
2340 1363 2752 1444 obsequium,

392 1462 709 1548 Spoliatis
755 1459 1110 1544 Aegyptiis
1600 1455 1644 1516 5
1753 1460 2055 1525 trinitatis
2100 1460 2384 1526 officium

392 1568 628 1632 transit
666 1564 885 1647 dives,
933 1562 1052 1627 sed
1097 1561 1404 1646 pauperis
1751 1562 1923 1628 sesto
1963 1564 2231 1628 solemni
2276 1566 2601 1649 celebrat,
2928 1573 3012 1636 20
3056 1579 3062 1584 ’

392 1687 517 1734 neo
561 1687 698 1733 rem
742 1686 867 1733 neo
910 1684 1145 1731 nomen
1189 1662 1502 1750 perdidit,
2395 1737 2401 1742 ,

395 1772 606 1838 sactus
653 1773 808 1837 felix
854 1788 977 1856 pro
1023 1770 1291 1835 miseris.
1752 1752 1916 1819 Cum
1960 1763 2228 1838 reparat
2269 1756 2617 1823 Virtutibus

939 1927 950 1948 K
1754 1858 1995 1941 hospes
2041 1859 2243 1940 tripes
2289 1858 2634 1944 hospitium

392 1958 785 2045 Assumptus
830 1979 975 2025 oum
1023 1956 1336 2043 apostolis
1754 1971 1819 2026 et
1855 1962 2197 2028 beatorum
2239 1966 2541 2028 mentium

390 2065 461 2128 iu
501 2071 781 2129 montem
828 2061 981 2127 novi
1026 2059 1280 2124 luminis
1306 2107 1322 2140 ,
1566 2056 1647 2121 10
1753 2064 1903 2129 dum
1949 2066 2256 2150 templum
2303 2065 2567 2131 Christo
2614 2077 2985 2134 consecrat.

389 2167 456 2230 in
501 2167 904 2251 paupertatis
957 2163 1225 2249 praediis

390 2266 654 2336 Christo
698 2267 1085 2334 Franciscus
1129 2264 1338 2330 intulit
1751 2251 2054 2334 Domum,
2097 2263 2353 2336 portam
2398 2261 2465 2317 et
2508 2254 2845 2338 tumulum,
2927 2257 3011 2319 25

1329 2375 1334 2380 ·
1724 2363 1942 2438 *pater
1986 2354 2368 2437 Francisce,
2413 2357 2636 2437 visita,

390 2457 534 2525 Hae
580 2460 703 2525 tria
748 2454 1208 2535 tabernacula,
1616 2505 1633 2518 .
1751 2466 1817 2521 et
1858 2457 2021 2522 Evae
2065 2458 2317 2541 prolem
2353 2458 2653 2523 miseram

389 2571 610 2627 votum
654 2567 916 2624 secutus
962 2555 1243 2621 Simonis
1750 2578 1790 2622 a
1835 2577 2061 2625 somno
2105 2563 2330 2626 mortis
2378 2564 2608 2627 exeita.

563 2746 663 2802 Hs.
696 2760 813 2802 von
848 2743 906 2801 S.
943 2745 1113 2799 Peter
1150 2744 1256 2799 No.
1287 2744 1356 2798 16
1391 2760 1463 2798 zu
1501 2743 1837 2812 Karlsruhe,
1878 2748 1944 2798 15
1980 2746 2178 2801 Jahrb.
2215 2746 2315 2800 mit
2351 2746 2451 2800 der
2478 2744 2734 2800 Melodie.

564 2867 632 2922 V.
670 2869 753 2920 11.
790 2867 1009 2923 scheint
1045 2866 1168 2921 dem
1207 2866 1376 2922 Liede
1417 2864 1525 2921 auf
1552 2865 1662 2921 den
1700 2867 1749 2920 b.
1786 2868 2069 2923 Bernhart
2110 2868 2215 2923 No.
2259 2870 2381 2936 851,
2418 2871 2503 2922 21.
2541 2869 2933 2941 naebgeahmt.

1037 3185 1206 3259 933.
1270 3184 1478 3256 Beati
1532 3184 1913 3257 Francisci.
1986 3186 2370 3282 sequentia.

390 3425 763 3491 Gratuletur
806 3443 972 3508 grex
1017 3425 1332 3489 minorum
1743 3425 1946 3507 largis
1992 3423 2178 3488 donis
2224 3425 2566 3489 sanitatum

471 3528 630 3592 laeta
668 3543 973 3610 promens
1019 3535 1207 3607 vota,
1828 3527 2033 3609 pestis
2078 3527 2279 3592 multa
2322 3527 2583 3590 tollitur.

389 3628 577 3711 cujus
621 3628 755 3692 dux
799 3646 1150 3711 normaque
1197 3647 1446 3693 morum

472 3731 688 3797 carnis
733 3731 902 3795 mole
947 3740 1122 3796 mota

474 3832 657 3900 ooelis
702 3851 860 3900 ecoe
907 3833 1115 3900 datm,-
1599 3838 1638 3899 5
1745 3794 1914 3872 Quot
1960 3801 2106 3858 sunt
2152 3793 2390 3874 morbi,
2439 3799 2534 3857 tot
2565 3792 2869 3874 medelae,
2916 3794 2997 3856 15

1830 3897 2024 3962 oaeois
2061 3896 2238 3960 visus
2281 3893 2609 3977 redditur,

387 3999 510 4082 Qui
552 3998 768 4083 sigillo
814 4001 1041 4065 summi
1085 4002 1264 4084 regis
1744 4000 1989 4066 claudis
2035 4018 2331 4083 gressuS,
2377 3999 2478 4063 vis
2523 3996 2801 4082 loquelae

473 4121 671 4168 carue
715 4103 1134 4185 consignatus
1828 4104 2016 4168 mutis
2062 4102 2437 4198 restituitur²

385 4208 506 4272 sub
551 4206 793 4271 vexillo
839 4226 977 4271 suae
1025 4207 1236 4271 crucis

468 4318 606 4375 tres
653 4310 985 4395 distinguit
1030 4318 1269 4392 statuS,

470 4413 701 4497 quibus
749 4415 890 4497 quis
933 4416 1182 4480 beatur·
1555 4412 1636 4476 10
1740 4369 2093 4435 Defunctos
2137 4368 2455 4450 vivificat,

1740 4490 1911 4537 nova
1955 4476 2243 4537 membra
2289 4473 2638 4552 construit,
2908 4472 2993 4534 20

385 4572 593 4658 Signa
635 4580 916 4659 probant
959 4578 1129 4643 hune
1173 4580 1465 4661 beatum,
1738 4576 2037 4657 leprosos
2080 4573 2411 4656 purificat,

472 4678 581 4759 qui
623 4678 688 4744 in
735 4682 926 4744 terris
971 4681 1234 4764 colitur,
1396 4717 1402 4724 ·
1740 4695 1902 4761 quos
1947 4677 2052 4744 hio
2099 4695 2227 4746 non
2274 4678 2628 4746 abhorruit.
