3175 5234
203 521 620 590 Gaudeamus
663 520 730 585 in
775 518 1033 585 domino

203 645 328 692 nos
376 644 599 691 omues
641 625 785 689 veri
828 623 1050 689 clerici
1380 621 1467 687 30

206 728 292 792 de
335 724 691 792 Benedicto
729 725 1047 792 monacho

209 838 277 895 et
320 846 545 894 omues
588 829 794 892 sancti
839 827 1152 893 monachi.

209 1043 334 1110 Hic
379 1048 587 1107 tactus
632 1060 823 1108 sacro
866 1043 1103 1108 lumine

210 1162 464 1209 omnem
509 1161 797 1207 errorem
840 1145 1117 1226 respuit,

210 1249 319 1313 hic
365 1255 565 1312 totum
607 1247 908 1312 mundum
952 1249 1165 1312 renuit
1381 1249 1463 1311 35

210 1361 278 1423 et
324 1371 583 1436 semper
627 1351 811 1416 dives
856 1352 1082 1415 extitit.

212 1562 268 1627 0
315 1562 536 1628 diviua
580 1563 947 1645 clementia,

212 1679 256 1726 ο
301 1681 548 1726 summa
591 1662 941 1745 sapientia,

214 1782 364 1846 quae
408 1762 564 1827 fecit
607 1763 802 1847 talem
846 1763 1164 1839 hominem
1395 1820 1404 1827 .

212 1882 384 1930 esse>
410 1865 673 1929 divitem
715 1884 1087 1953 pauperem.
1379 1866 1468 1930 40

216 2078 344 2145 Hic
387 2080 488 2142 vir
531 2081 596 2143 in
640 2088 816 2144 terra
862 2081 1188 2162 habitans,

218 2181 285 2244 in
332 2181 513 2246 coelis
557 2198 816 2264 semper
857 2181 1175 2245 meditans
1194 2230 1212 2263 ,

218 2283 329 2349 hic
371 2284 473 2346 vir
516 2301 648 2348 nou
691 2285 794 2347 vir
835 2284 956 2347 sed
1000 2285 1307 2367 angelus,

222 2387 395 2451 omni
437 2388 677 2452 virtute
719 2388 1052 2471 praeditus.
1177 2441 1184 2447 .

224 2601 323 2668 'l'u
370 2602 726 2668 divinorum
773 2605 1095 2669 hominum
1387 2606 1469 2669 45

222 2722 466 2772 corona
509 2724 601 2787 es,
647 2713 715 2770 et
758 2707 1033 2770 omnium
1085 2772 1114 2781 ,

229 2827 358 2892 per
397 2815 462 2871 te
506 2807 671 2872 fides
719 2810 1039 2874 catholica

224 2914 388 2978 uitet
429 2933 555 2997 per
594 2913 812 2979 muudi
857 2915 1130 2979 climata.

227 3126 352 3192 Hic
394 3134 583 3209 pater
626 3146 787 3191 vere
830 3126 1086 3191 inclitus
1101 3174 1119 3207 ,

227 3229 337 3293 hic
380 3230 642 3310 spiritus
679 3229 1078 3314 seraphicus,
1392 3232 1489 3308 50,

230 3331 341 3397 hic
386 3340 488 3396 est
528 3334 592 3397 in
638 3351 834 3398 carne
881 3333 1183 3415 angeluS,

236 3453 280 3498 a
322 3431 452 3499 deo
494 3435 726 3499 missus
772 3435 1041 3500 coelitus.
1077 3458 1080 3459 ⁷

232 3648 331 3715 De
381 3650 526 3733 ejus
568 3650 968 3735 plenitudiue

232 3761 407 3819 totus
451 3754 722 3821 mundus
766 3758 1064 3840 irradiat,

235 3856 319 3920 de
361 3876 598 3940 magno
643 3876 762 3925 suo
806 3861 1036 3951 ordine
1396 3863 1478 3927 55

234 3960 491 4041 repleta
533 3970 636 4025 est
679 3962 977 4029 ecclesia.

1569 519 1694 586 Hic
1737 528 1840 586 est
1881 526 2143 586 secutus
2187 522 2485 604 regulam

1570 623 1882 707 divinam,
1928 624 2352 708 apostolicam

1567 728 1637 791 iu
1678 735 1868 811 potu,
1914 728 2091 809 cibe,
2136 730 2425 795 vestibus

1570 836 1765 912 atque
1806 830 2072 913 virtute,
2117 832 2419 898 moribus.

1570 1050 1725 1115 'ruis
1770 1048 2025 1113 devotis
2070 1049 2326 1114 famulis

1567 1161 1827 1238 presto,
1870 1154 1957 1216 mi
2000 1160 2191 1236 pater
2211 1200 2229 1231 ,
2272 1151 2545 1220 subveni
2569 1198 2588 1235 ,

1566 1264 1641 1321 ut
1684 1257 1987 1341 precibus
2033 1257 2351 1322 continuis

1569 1360 1699 1424 sint
1743 1367 1852 1425 tuo
1896 1377 2120 1447 amore
2163 1357 2419 1423 fervidi.

1572 1572 1670 1638 Tu
1713 1573 2024 1636 moniales
2070 1571 2306 1654 vigiles

1573 1674 1853 1741 devotas
1892 1674 2009 1738 fac¹
2044 1680 2114 1739 et
2156 1672 2431 1738 humiles
2447 1718 2466 1755 ,

1567 1786 1644 1851 ut
1688 1785 1755 1843 te
1799 1778 2064 1860 devote,
2110 1776 2338 1843 sedule

1571 1889 1641 1945 te
1684 1879 1977 1960 laudent,
2023 1875 2397 1945 Benedicte.

1573 2095 1845 2177 Quaeso,
1891 2112 1932 2159 o
1974 2102 2169 2178 pater
2209 2095 2464 2177 inclite,

1569 2194 1926 2263 Benedicte
1970 2193 2372 2276 dulcissime,

1571 2300 1752 2383 ipsas
1799 2297 2074 2362 devotas
2117 2305 2398 2382 protege

1574 2406 1660 2469 ab
1708 2404 1880 2467 omni
1923 2402 2091 2468 malo
2138 2410 2215 2495 et·
2250 2400 2532 2486 crimine.

1579 2614 1634 2680 0
1679 2616 1793 2681 lux
1837 2614 2056 2683 mundi
2101 2622 2168 2679 et
2210 2613 2577 2698 speculum,

1579 2717 1933 2783 Benedicte
1979 2718 2417 2799 sanctissime,

1582 2839 1701 2887 ora
1742 2837 1868 2904 pro
1912 2822 2102 2886 nobis
2151 2821 2501 2901 dominum,

1581 2924 1796 3013 lumen
1843 2932 2065 2988 sancte
2113 2924 2429 2989 eeclesiae.

1590 3132 1813 3199 Gloria
1855 3134 2024 3217 patri
2071 3133 2331 3197 domino

1583 3244 1653 3300 et
1693 3234 2050 3300 Benedicto
2092 3235 2444 3317 monache,

1584 3339 1695 3422 qui
1738 3357 1882 3425 cum
1924 3338 2156 3403 Mariae
2202 3336 2338 3401 filio

1583 3450 1844 3525 semper
1888 3448 2127 3524 regnat
2169 3458 2314 3504 cum
2361 3434 2620 3521 gaudio.

1582 3652 2051 3720 Benedicamus
2097 3651 2390 3734 domino,

1585 3755 1887 3822 laudetur
1929 3764 2156 3822 sancta
2201 3755 2489 3863 trinitas,

1587 3861 1674 3926 de
1717 3859 2072 3926 Benedicto
2118 3861 2382 3927 servulo

1590 3963 1715 4029 deo
1760 3964 2046 4030 dicamus
2090 3964 2356 4048 gratias.

410 4187 508 4243 Hs.
545 4204 616 4244 zu
646 4186 902 4262 Venedig
939 4188 1120 4246 elasa.
1156 4189 1240 4249 111.
1275 4191 1397 4248 cod.
1432 4194 1519 4248 32.
1557 4194 1627 4246 15
1661 4193 1860 4250 Jahrb.

340 4415 344 4418 ,
412 4340 484 4393 12
519 4340 640 4395 sine
676 4336 838 4409 fehlt,
876 4336 972 4394 fiir
1006 4338 1216 4396 semiue
1249 4340 1353 4395 hat
1385 4339 1476 4397 die
1507 4340 1608 4396 Rs.
1646 4338 1870 4398 femina.
1931 4341 1967 4395 8
2004 4339 2061 4394 iu
2099 4342 2190 4394 aet.
2227 4336 2323 4393 Hs.
2375 4335 2447 4389 32
2470 4329 2712 4401 monaci,
2736 4326 2837 4387 D.

233 4426 304 4479 41
341 4426 552 4480 terram
572 4466 587 4495 ,
623 4425 721 4481 Hs.
798 4426 872 4480 581
918 4430 980 4481 et
1012 4442 1100 4498 ap.
1136 4427 1232 4483 Hs.
1321 4428 1394 4483 59
1427 4433 1487 4484 et
1519 4433 1661 4486 vest.
1696 4429 1792 4485 Hs.
1878 4429 1951 4484 64
1982 4432 2084 4488 tuo
2120 4422 2259 4482 darf
2284 4422 2517 4491 stem,
2551 4420 2701 4477 «bn
2733 4419 2839 4477 d-

236 4510 376 4566 Lied
409 4511 570 4567 lasst'
589 4514 736 4568 nach
770 4513 1161 4572 italiduiseher
1205 4519 1316 4575 Art
1365 4518 1513 4575 auch
1566 4516 1629 4574 iu
1673 4521 1746 4574 72
1790 4516 1881 4574 die
1914 4514 2134 4574 Elisiou
2178 4529 2265 4570 zu.
2362 4511 2434 4566 68
2481 4509 2610 4566 dem
2656 4507 2841 4565 Verso

240 4580 389 4653 fehl't
422 4599 514 4654 ein
547 4599 742 4657 Wort.

330 4834 501 4894 Hono,
528 4835 703 4885 lauh.
731 4839 981 4897 Ermum.
1018 4839 1108 4890 m.

2328 4760 2432 4880 ⁴15

2734 836 2821 902 60

2734 1570 2821 1635 65

2694 2195 2826 2275 ,⁷⁰

2747 2818 2832 2903 τε

2749 3435 2838 3502 80
