3175 5234
364 477 540 544 Victi
585 473 912 542 Christum
953 475 1348 542 confitentur
1389 539 1398 548 ,
1723 476 1892 560 ignis
1938 483 2166 558 nocet,
2211 475 2331 541 sed
2360 433 2709 544 ,torrentur

295 577 314 596 ⁸
452 581 697 646 relictis
743 580 1079 645 erroribus
1095 630 1112 663 ,
1810 578 2038 644 inustis
2084 579 2487 662 corporibus.

360 685 571 770 judex
609 683 831 768 jubet,
878 691 949 749 ut
993 693 1386 768 crementur,
1538 685 1619 747 15
1727 714 1951 783 Gloria
1996 723 2064 780 et
2109 715 2320 781 houm.
2365 716 2490 782 deo
2537 725 2660 784 oto·

452 807 577 853 nec
619 787 770 872 pilis
815 795 929 853 aut
969 790 1263 854 vestibus
1868 820 2013 890 (wie
2048 819 2154 875 No.
2190 822 2348 890 251.)

540 964 634 1020 Hs.
672 979 787 1019 von
822 961 881 1020 S.
923 963 1092 1017 Peter
1128 960 1232 1016 No.
1268 962 1339 1016 63
1375 979 1444 1017 zu
1483 961 1825 1033 Karlsruhe‚
1881 966 1948 1019 15
1983 959 2183 1020 Jahrb.
2230 966 2361 1035 (A).
2448 966 2608 1020 Auch
2644 964 2705 1019 in
2741 965 2859 1020 der
2896 964 2995 1020 Hs.

366 1052 471 1108 No.
491 1053 561 1105 55
588 1067 703 1107 von
733 1050 883 1119 dort,
923 1051 990 1103 14
1016 1048 1367 1118 saturn-(B).
1420 1049 1517 1104 Hs.
1556 1048 1656 1104 des
1694 1053 1763 1106 14
1796 1050 1992 1106 Jahrb.
2015 1052 2072 1105 iu
2108 1051 2343 1107 meinem
2370 1051 2556 1106 Besitz
2592 1052 2719 1122 (G).
2773 1052 2997 1122 Expos.

365 1141 622 1211 hymnor.
671 1137 874 1195 Golon.
913 1138 1065 1191 1492.
1117 1132 1219 1191 fol.
1258 1139 1325 1189 71
1380 1136 1504 1210 (D).
1592 1138 1759 1193 Brev,
1795 1138 1967 1193 Basil.
2017 1135 2057 1193 f.
2098 1139 2200 1194 188
2253 1140 2382 1210 (Ε).
2471 1139 2670 1195 Dieses
2707 1139 2854 1194 [ded
2890 1140 2995 1194 hat

366 1230 403 1284 6
437 1227 726 1299 Strophen
779 1225 837 1279 in
881 1223 1025 1278 zwei
1073 1223 1198 1278 Hss.
1247 1223 1348 1278 des
1402 1225 1469 1277 15
1505 1223 1700 1280 Jahrb„
1749 1242 1818 1280 zu
1866 1225 1925 1282 S.
1963 1226 2132 1282 Peter
2180 1226 2237 1281 in
2274 1226 2556 1299 salzburg
2609 1226 2712 1296 VI,
2747 1228 2825 1281 35
2878 1226 2995 1282 und

366 1313 483 1384 Vn,
517 1317 567 1383 2,
608 1313 697 1368 die
733 1314 825 1368 ich
860 1315 1015 1369 nicht
1051 1313 1398 1386 verglichen.

543 1438 573 1489 1
613 1405 924 1492 Katherina
958 1437 1020 1491 B.
1091 1438 1125 1490 3
1162 1434 1359 1491 laudes
1397 1432 1438 1491 f.
1475 1436 1634 1492 cord.
1672 1431 1732 1491 Ε.
1804 1439 1853 1490 5.
1891 1437 1927 1490 6
1964 1436 2153 1492 lauten
2188 1436 2247 1491 iu
2282 1437 2376 1512 BD
2414 1453 2511 1493 so:

615 1527 676 1577 ut
711 1535 813 1592 spe
850 1528 1008 1577 certa
1043 1524 1384 1592 respiremus
1537 1532 1545 1540 ·
1807 1538 1913 1594 per
1950 1524 2077 1595 ejus
2114 1522 2364 1578 subsidia
2401 1520 2713 1595 (suffragia
2746 1524 2834 1593 D)

366 1608 629 1765 Ξοιὲιιιὶίῑέῃ
644 1608 728 1747 (3¹3
763 1608 902 1662 aber
938 1609 1227 1680 corrigirt.
1320 1611 1389 1663 10
1426 1607 1638 1666 format
1675 1609 1738 1665 D.
1814 1610 1882 1664 16
1917 1626 2021 1664 nec
2056 1615 2197 1665 vest.
2234 1611 2298 1666 B.
2398 1614 2467 1664 17
2504 1626 2627 1666 noc.
2664 1610 2782 1682 ign.
2827 1617 2891 1668 et
2926 1613 2992 1680 Β,

552 1978 806 2051 4003.
889 1940 996 2048 ln·
1028 1975 1208 2049 {esto
1256 2002 1310 2047 S.
1367 1975 1805 2071 liutherinae,
1858 1976 1950 2048 ad
1997 1967 2393 2071 matutinaS,
2447 1978 2768 2078 hymnus.

371 2190 594 2274 Pange
639 2190 858 2272 lingua
904 2189 1212 2270 gloriosae
1583 2239 1590 2245 .
1724 2188 2160 2271 compeditur,
2208 2189 2568 2255 custoditur

456 2296 730 2378 virginis
773 2293 1185 2375 martyrium,
1813 2298 1984 2355 tetro
2025 2292 2255 2357 clausa
2301 2311 2587 2358 carcere.

371 2417 645 2482 gemmae
682 2397 881 2480 jubar
926 2395 1234 2479 pretiosae
1485 2471 1490 2476 Α

460 2497 817 2564 descendat
862 2496 926 2559 in
971 2494 1280 2575 medium,
1730 2493 1988 2558 Clausae
2033 2494 2245 2559 lumen
2291 2517 2373 2560 ne
2421 2489 2761 2563 claudatur

374 2609 446 2666 ut
487 2602 768 2666 illustret
812 2599 1180 2662 tenebrosae
1584 2601 1624 2659 5
1818 2597 2040 2661 illucet
2082 2596 2485 2683 Porphyrio,

458 2704 691 2766 mentis
744 2699 1150 2764 domicilium.
1731 2702 1841 2783 qui
1888 2702 2136 2783 reginae
2178 2702 2538 2768 soederatur
2912 2700 2997 2770 15

548 2853 559 2863 .
979 2819 986 2825 ·
1817 2801 1972 2867 fidei
2017 2804 2331 2888 collegio,

371 2890 837 2958 Blandimentis
889 2910 1007 2954 rex
1054 2890 1313 2954 molitur
1732 2922 2002 2986 quorum
2046 2904 2239 2969 fidem
2285 2908 2565 2972 imitatu,-

459 2993 779 3075 Virginem
825 2990 1176 3072 seducere,
1821 3004 2184 3071 ducentena
2229 3008 2474 3072 concio.
2529 2988 2537 2994 ⁴

373 3114 500 3162 nec
547 3095 882 3179 promissis
928 3095 1279 3184 emollitur,

459 3220 584 3265 nec
631 3208 913 3264 terretur
956 3201 1265 3277 verbere,
1545 3197 1625 3258 10
1732 3197 1954 3264 Gloria
1999 3208 2121 3266 etc.

553 3386 650 3441 Hs.
717 3385 817 3440 des
883 3386 948 3439 14
1007 3384 1205 3440 Jahn-h.
1270 3384 1328 3438 in
1389 3383 1623 3438 meinem
1683 3382 1871 3437 Besitz
1935 3384 2063 3452 (A).
2153 3383 2477 3440 Breviarius
2526 3385 2840 3458 moguntin.
2890 3388 2999 3444 des

375 3476 445 3527 15
479 3473 682 3529 Jahn-h.
723 3473 853 3543 (Β).
925 3472 1022 3525 Hs.
1060 3488 1131 3525 zu
1167 3471 1462 3541 Stuttgart
1491 3471 1663 3525 Brev.
1703 3471 1822 3524 101.
1860 3468 1899 3524 f.
1937 3470 2021 3524 84.
2060 3473 2125 3523 15
2160 3470 2359 3526 Jahrb.
2407 3473 2479 3527 ad
2516 3478 2826 3530 nocturnos
2863 3480 3001 3548 (C).

374 3561 471 3617 Hs.
507 3576 621 3616 von
659 3560 716 3615 S.
752 3560 925 3615 Peter
962 3576 1040 3613 zu·
1069 3558 1382 3614 Karlsruhe
1429 3559 1536 3613 No.
1576 3560 1647 3612 32
1702 3557 1801 3612 des
1839 3560 1905 3611 15
1951 3558 2148 3612 Jahrb.
2204 3560 2332 3626 (D).
2418 3558 2631 3631 Obiges
2664 3561 2802 3616 Lied
2838 3567 3006 3622 steht

377 3649 525 3703 auch
563 3648 620 3701 in
655 3650 690 3701 2
727 3647 854 3702 Hss.
892 3648 992 3702 des
1032 3650 1098 3701 15
1134 3648 1333 3702 Jahrb.
1375 3664 1446 3701 zu
1481 3647 1541 3702 S.
1580 3635 1752 3702 Peter
1789 3646 1843 3700 in
1882 3645 2184 3718 Salzburg,
2227 3647 2311 3715 VI,
2348 3649 2418 3701 35
2456 3649 2570 3703 und
2608 3649 2719 3717 vll,
2746 3641 2809 3717 ’2,
2848 3651 3001 3707 aber

377 3734 436 3788 in
473 3734 507 3787 8
544 3734 859 3803 stropium,
897 3733 1023 3787 also
1060 3737 1296 3803 grosser
1332 3733 1421 3788 als
1455 3733 1558 3790 mit
1594 3732 1719 3788 dem
1760 3731 2067 3804 folgenden
2104 3733 2272 3789 Liede
2309 3727 2638 3790 zusammen.
2710 3735 2809 3790 Ich
2842 3738 3004 3793 habe

378 3820 569 3876 diesen
608 3820 751 3874 Text
787 3819 942 3874 nicht
977 3818 1323 3898 verglichen.

554 3947 589 3998 2
625 3942 971 4014 praeconium
1009 3942 1054 3995 B
1076 3982 1090 4009 ,
1145 3941 1429 4012 virginum
1464 3942 1526 3997 D.
1634 3945 1668 3997 5
1705 3942 2057 4011 illustretur,
2113 3944 2259 4008 ohne
2297 3949 2356 3999 et
2391 3943 2453 4000 C.
2561 3949 2596 4002 7
2631 3944 2893 4000 mollitur
2935 3945 3006 4003 G.

380 4034 414 4087 9
453 4030 712 4088 emollire
750 4029 810 4105 Q.
883 4031 953 4083 10
988 4029 1162 4083 ubere
1197 4030 1258 4086 G.
1334 4032 1401 4083 12
1439 4030 1632 4092 clause
1670 4031 1733 4084 D.
1809 4033 1875 4083 17
1912 4030 2211 4085 comitatur
2247 4029 2306 4086 C.

959 4340 1174 4413 1004.
1243 4339 1625 4438 Ejusdem,
1671 4338 1764 4411 ad
1814 4337 2059 4410 laudes
2104 4336 2423 4439 hymnus.
2518 4289 2530 4299 ’

380 4557 681 4621 Praesens
726 4556 866 4643 dies
914 4558 1325 4641 expendatur
1744 4558 1930 4643 cujus
1976 4559 2180 4622 virtus
2225 4558 2532 4624 dilatatur

473 4658 540 4720 in
586 4658 730 4742 ejus
774 4662 1200 4742 praeconium,
1828 4663 1896 4726 in
1942 4678 2058 4726 ore
2096 4655 2525 4752 laudantium,
