3175 5234
187 861 384 927 Salve
430 870 657 926 sancta
699 880 940 946 pareus

265 966 494 1030 matris
538 965 916 1047 salvatoriS,

183 1067 379 1135 Anna
421 1068 572 1133 labe
617 1085 849 1132 careus
869 1115 886 1150 ,

267 1191 391 1237 vas
440 1172 727 1236 eoelestis
770 1171 957 1235 roris,

182 1361 400 1427 Mater
444 1358 735 1441 gratiosa
749 1404 766 1438 ,

269 1465 514 1547 pietate
559 1466 751 1543 grata
765 1505 782 1540 ,

181 1568 387 1650 stirpe
432 1580 755 1649 generosa
768 1610 785 1644 ,

265 1668 457 1754 prole
501 1666 857 1732 sublimata.

177 1858 439 1924 Prolem
483 1856 662 1942 paris
703 1862 953 1921 ternam
973 1901 991 1937 ,

262 1981 458 2027 unam
504 1958 982 2045 praedeeoram,

181 2068 437 2134 stellam
482 2067 856 2131 matutinam

269 2179 338 2235 et
383 2170 540 2235 solis
586 2187 901 2235 auroram.

181 2358 346 2423 Nam
391 2358 460 2421 in
501 2374 745 2423 summo
789 2356 927 2441 poli

265 2459 457 2526 vides
503 2460 889 2526 collocatam

1353 1959 1432 2021 10

1101 663 1272 736 789.
1348 662 1465 735 De
1519 686 1572 734 s.
1627 664 1860 734 Anna.

1533 862 1825 946 junctam
1868 879 2029 926 vero
2079 864 2202 928 soli

1624 963 1880 1028 stellam
1920 983 2007 1028 ex
2051 971 2114 1028 te
2160 972 2394 1033 natam.

1537 1149 1721 1233 Ergo
1765 1153 2099 1235 gratulare

1626 1263 1807 1320 tanta
1848 1256 2037 1339 prole
2082 1257 2283 1340 digua

1538 1375 1786 1441 nosque
1831 1361 2173 1428 consolare
2192 1408 2212 1444 ,

1624 1460 1833 1527 duleis
1879 1471 1947 1527 et
1990 1465 2288 1547 benigna.

1539 1653 1594 1718 0
1636 1653 1759 1719 flos
1801 1655 2134 1721 mulierum
2154 1703 2174 1738 ,

1624 1757 1732 1822 fae
1774 1778 1896 1841 per
1939 1767 2113 1824 tuam
2157 1761 2408 1844 prolem

1537 1876 1659 1923 nos
1701 1860 1768 1923 in
1813 1860 1995 1925 ooelis
2038 1881 2267 1925 verum

1628 1962 2051 2046 contemplari
2094 1965 2315 2030 solem.

1540 2149 1683 2214 Deo
1730 2150 1868 2214 laus
1911 2152 2251 2233 immensa,

1629 2253 1736 2334 qui
1782 2254 2033 2318 eoelesti
2075 2274 2309 2320 manna

1540 2373 1662 2420 nos
1710 2357 1778 2420 in
1822 2375 1940 2423 sua
1981 2374 2205 2421 mensa

1632 2472 1889 2529 reereet
1904 2512 1922 2547 ,
1968 2482 2008 2530 ο
2051 2462 2279 2531 Anna!

359 2638 454 2693 Hs.
489 2654 560 2693 zu
597 2638 797 2709 Maian,
836 2642 981 2713 Aug.
1019 2640 1120 2697 No.
1158 2639 1281 2696 439.
1317 2638 1403 2695 Bl.
1436 2642 1557 2697 204.
1594 2641 1693 2697 des
1733 2645 1801 2696 15
1837 2643 2034 2700 Jahrh.

758 2948 931 3021 790.
994 2948 1111 3019 De
1164 2945 1449 3043 eadem,
1499 2952 1570 3021 in
1616 2952 1859 3049 primis
1910 2954 2242 3050 vesperis·

183 3150 387 3218 Lucis
433 3150 626 3236 hujus
670 3152 840 3216 festa

185 3257 345 3322 eolit
389 3257 580 3340 plebs
624 3255 935 3338 honesta,

184 3356 383 3422 deum
428 3356 577 3421 eoeli
618 3355 830 3440 dignis

185 3460 733 3543 eonsrequentans
779 3456 1054 3546 hymnia.

184 3647 405 3713 Mater
447 3648 672 3713 matris
720 3646 961 3713 Christi

185 3769 276 3814 ex
319 3749 450 3814 hoe
491 3749 729 3814 mundo
774 3751 942 3814 tristi

187 3852 478 3934 migrans
524 3849 655 3915 fide
701 3854 873 3916 bona

189 3954 384 4019 sumit
427 3954 580 4019 vitae
627 3954 817 4019 dona.

186 4143 449 4211 Annam
493 4146 590 4210 sie
632 4156 948 4229 expresse

187 4248 354 4313 fudit
401 4247 588 4312 radix
632 4249 827 4314 Jesse

189 4358 262 4417 ut
309 4351 394 4416 sit
441 4360 649 4417 mater
692 4355 916 4419 matris

194 4455 332 4519 nati
378 4454 485 4519 dei
530 4457 753 4540 patris.

1362 4250 1444 4313 10

1539 3151 1646 3219 Ex
1688 3153 1816 3219 hae
1859 3154 2075 3218 earnis
2119 3153 2345 3238 planta

1543 3257 1752 3338 surgit
1794 3256 1987 3339 virgo
2033 3263 2292 3339 saneta,

1545 3380 1630 3424 ex
1667 3359 1796 3425 hoe
1837 3358 1976 3423 fluit
2019 3359 2198 3422 fonte

1546 3461 1713 3545 lapis
1758 3474 1969 3526 eaesus
2014 3466 2249 3525 monte.

1548 3648 1733 3714 coelo
1769 3650 1909 3734 ⁸jam
1954 3649 2210 3715 sublata

1547 3753 1779 3818 mulier
1821 3756 2017 3819 beata

1547 3873 1667 3920 sua
1711 3872 1831 3919 nos
1873 3862 2147 3937 precatu

1547 3965 1789 4042 purget
1832 3978 1873 4022 a
1917 3967 2121 4023 reatu.

1548 4146 1746 4212 Trino
1791 4147 1933 4212 laus
1979 4154 2047 4211 et
2089 4147 2199 4211 uui

1551 4250 1677 4315 deo
1723 4251 1806 4314 sit
1850 4250 2199 4330 communi,

1549 4372 1693 4419 eum
1738 4370 1864 4435 quo
1908 4353 2072 4415 vivit
2114 4348 2314 4417 Anna

1551 4458 1739 4522 simul
1783 4476 1925 4521 eum
1970 4444 2198 4520 Maria.

2653 268 2793 332 18⁹

2707 866 2787 927 15

2705 1468 2789 1531 20

2706 2157 2790 2218 25

2714 3360 2795 3423 15

2712 3960 2799 4023 20

372 4639 466 4695 Hs.
519 4640 619 4696 des
672 4641 946 4713 Lyceums
994 4655 1063 4695 zu
1118 4639 1444 4708 Konstanz,
1511 4641 1577 4694 15
1614 4640 1811 4698 Jahrb.
1874 4643 2007 4712 (Α).
2076 4640 2337 4698 Breviar.
2388 4641 2640 4717 mogunt.
2704 4645 2803 4700 des
