3175 5234
2627 309 2753 371 125

249 483 481 568 Ipsius
528 486 743 549 omnia
1684 488 1883 552 multa
1926 485 2085 551 fiunt
2131 490 2347 574 signa,

245 587 489 668 speeie
535 588 699 651 mira
1310 590 1394 652 45
1676 587 1841 653 fides
1890 591 2125 654 erescit
2143 638 2161 671 ‚

241 690 555 753 membra
600 696 747 753 sunt
793 688 1153 772 elegantiat
1673 702 2011 800 cassantur
2053 694 2246 758 idola.
2667 700 2749 761 65

119 875 173 935 8.
239 871 478 957 Crispi
524 881 672 937 sunt
716 875 962 958 crines,
1681 849 1803 914 Tot
1848 851 2051 932 Signis
2100 850 2366 916 ‘10500158

246 975 437 1039 oculi
482 975 802 1058 grandes,
1671 952 1849 1017 fulsit
1884 954 2246 1036 apostolus,

241 1078 586 1161 praecellit
631 1097 854 1143 omnes
896 1098 1052 1144 earo
1083 1080 1390 1161 candida3
1672 1052 1928 1117 tandem
1975 1053 2380 1139 flagellatur,

241 1215 520 1282 Deeens
567 1225 847 1300 statura,
1295 1221 1388 1282 250
1673 1155 2038 1221 decollatur

1672 1258 1952 1338 astregis
1997 1259 2260 1322 visibus,
2662 1262 2744 1326 70

243 1338 392 1383 vox
440 1330 771 1403 tamquam
818 1325 1002 1403 tuba,

241 1424 537 1486 vestitur
583 1443 874 1506 purpura
920 1419 1270 1508 pretiosa.“
1495 1477 1596 1538 11,
1665 1470 1839 1537 Gens
1885 1475 2316 1556 bissenamm,

121 1611 178 1672 9·
243 1610 581 1676 continuo
1666 1596 1829 1659 quas
1876 1578 2198 1641 convertit
2246 1577 2604 1659 civitatum,

248 1723 554 1780 sanctum
601 1723 926 1798 quaemnt,
1666 1698 1904 1763 eorpus
1948 1681 2167 1743 visitat
2213 1683 2502 1762 beatum,

249 1820 562 1900 quoniam
609 1821 796 1901 Signa
1303 1821 1386 1882 55
1667 1831 1921 1917 Sepelit
1956 1833 2115 1898 illud

249 1922 591 2005 patranda
635 1929 972 1986 noverunt·
1667 1936 1862 2019 digne
1940 1937 2204 2019 dignum
2292 1938 2355 2000 in
2434 1937 2652 2019 sepul-

251 2057 325 2121 A
376 2058 672 2122 daemone
2221 2039 2462 2117 chrum,
2657 2039 2739 2098 75

248 2162 362 2224 vil.
408 2161 778 2244 mundatur,
1664 2139 1918 2203 scandit
1962 2140 2225 2221 spiritus
2270 2140 2353 2214 in,
2382 2139 2592 2201 altum.

251 2273 324 2328 et
371 2265 552 2344 regis
595 2272 748 2328 nata

251 2375 488 2431 curata
532 2368 807 2432 laetatur.
1302 2372 1382 2434 60
1489 2356 1591 2417 12·
1657 2351 1867 2436 IPSiUS
1911 2353 2021 2435 Pio
2067 2358 2340 2435 Pressatu

1660 2475 1811 2537 ιιοε,
1859 2456 2054 2538 deuS,
2102 2479 2142 2523 a
2186 2467 2374 2521 reatu

125 2558 222 2620 1⁰.
255 2555 424 2621 Cum
463 2578 622 2640 rege
664 2559 906 2624 familia
1661 2560 1950 2642 digneris
1999 2563 2343 2627 absolvere

251 2659 472 2726 credit
516 2668 584 2724 et
627 2645 868 2745 patria,
1660 2671 1898 2745 tuoque
1947 2683 2152 2746 regno
2189 2664 2491 2750 jungere.
2651 2663 2736 2727 80

81 2897 104 2910 μ
305 2844 403 2900 Hs.
445 2846 544 2900 des
580 2847 932 2918 ehemaligen
967 2847 1235 2903 Klosters
1275 2847 1654 2919 Kreuzlingen
1693 2848 1785 2903 bei
1820 2849 2127 2917 Konstauz‚
2168 2852 2236 2903 14
2271 2849 2465 2905 Jahrb.
2502 2847 2604 2903 mit
2639 2846 2738 2903 der

127 2930 387 2987 Melodie.
460 2932 589 3005 Vgl.
627 2934 774 2989 Aeta
809 2934 912 2990 SS.
950 2938 1092 3007 Aug.
1130 2939 1181 3003 5,
1218 2938 1306 2989 34.

306 3058 374 3108 15
413 3055 800 3124 constatuisti,
830 3057 926 3112 Hs.
1014 3059 1087 3111 20
1126 3057 1362 3125 saecula,
1407 3057 1501 3111 Hs.
1592 3059 1665 3111 40
1700 3056 1981 3123 clamitet,
2036 3056 2131 3111 Hs.
2220 3058 2292 3110 49
2347 3072 2536 3112 omnes
2587 3056 2735 3113 fehlt

131 3141 229 3199 der
279 3144 412 3212 Hs.,
476 3143 577 3198 der
625 3145 770 3199 Vers
837 3145 1104 3216 verlangt
1151 3146 1290 3201 aber
1338 3146 1430 3199 ein
1477 3145 1881 3217 zweisylbiges
1935 3145 2138 3211 Wort3
2213 3145 2371 3199 caud.
2421 3160 2585 3212 caro,
2641 3146 2738 3201 Hs.

131 3231 194 3283 51
233 3231 514 3301 quamvis,
548 3231 643 3286 Hs.
697 3234 767 3286 59
797 3232 885 3287 die
911 3233 1006 3288 Hs.
1042 3234 1143 3288 hat
1178 3248 1282 3287 nur
1317 3248 1432 3286 rex.
1503 3233 1573 3287 62
1613 3238 1672 3287 et
1705 3229 1850 3286 fehlt
1886 3230 1985 3284 der
2020 3233 2114 3285 Hs.
2190 3233 2258 3284 65
2297 3237 2606 3300 cessantur,
2641 3232 2736 3287 Hs.

305 3386 413 3441 Ein
450 3386 685 3442 anderes
721 3386 856 3442 Lied
890 3387 999 3442 auf
1025 3388 1216 3442 diesen
1252 3389 1491 3459 Apostel
1538 3389 1692 3445 steht
1731 3388 1789 3443 in
1829 3388 1987 3442 einer
2023 3387 2116 3443 Es.
2154 3402 2224 3440 zu
2258 3384 2733 3443 Pommersfelden

129 3472 226 3527 des
269 3475 341 3526 14
375 3473 571 3528 Jahrb.
606 3475 708 3529 mit
743 3474 953 3529 diesem
989 3473 1250 3548 Anfang:

345 3578 658 3634 Gaudemus
696 3597 886 3635 omnes
926 3581 1120 3637 inclita
1683 3581 2090 3656 Bartholomaei
2128 3580 2345 3637 merita.

832 3862 1001 3938 714.
1076 3864 1193 3935 De
1245 3889 1298 3935 s.
1352 3862 1634 3935 Thema
1689 3863 2029 3962 apostolo.

133 4063 382 4129 Thema
395 4112 412 4145 ,
460 4073 896 4149 praesumptor
939 4066 1208 4149 nobiliS,
1487 4066 1801 4150 spondes,
1847 4069 2021 4149 quod
2069 4069 2203 4150 vis,
2253 4086 2381 4131 non
2424 4067 2689 4146 moriar,

132 4166 279 4231 dum
325 4167 560 4250 palpas
603 4168 834 4232 vulnus
881 4169 1105 4233 lateris
1487 4168 1658 4251 quod
1707 4170 1759 4232 si
1807 4177 1873 4232 te
1919 4169 2148 4233 ducem
2192 4167 2443 4251 patiar,

132 4278 195 4332 et
240 4269 325 4333 de
375 4268 609 4334 auditis
655 4272 947 4354 dubitas,

135 4371 285 4435 mihi
332 4372 541 4439 visum
587 4374 953 4439 admoneas,
1484 4357 1655 4425 Illud
1697 4359 1823 4422 iter
1866 4356 2252 4440 aggrediar,
2327 4378 2330 4383 ’

1485 4460 1549 4523 iu
1597 4477 1726 4540 quo
1771 4458 2020 4539 vivam,
2066 4474 2195 4521 non
2240 4456 2514 4539 moriar,
2651 4461 2730 4523 10

139 4562 254 4628 Pia
298 4562 452 4626 mihi
497 4562 760 4646 fiducia,
1342 4567 1380 4627 5
1487 4569 1552 4626 et
1599 4561 1683 4625 ad
1726 4561 1926 4624 vitale
1971 4560 2273 4642 gaudium

137 4673 244 4731 tua
287 4665 619 4750 spondeus
664 4666 976 4751 suffragia
1485 4671 1810 4728 transeam
1854 4673 2003 4748 post
2047 4665 2175 4730 hoo
2218 4665 2541 4730 saeculum.
