3175 5234
2642 272 2767 336 191

165 454 270 521 Ad
308 456 594 538 ‘gloriam
638 455 720 518 de
765 456 979 537 gratia
1191 537 1204 543 -
1519 458 1705 522 nobis
1751 459 1816 521 in
1862 475 2054 522 cursu
2101 459 2438 541 temporis,

243 560 545 623 transivit
589 558 763 624 dicta
809 561 1050 642 gratia,
1607 560 1786 625 finito
1832 580 2024 625 cursu
2070 561 2299 643 gloria.

162 662 357 745 plena
403 659 696 741 gaudens
738 662 963 725 laetitia

243 763 467 828 dilecti
509 766 628 829 sub
673 764 1039 847 praesentia.
1514 748 1677 814 Jesu
1715 749 1944 814 Mariae
1990 749 2126 815 filio

1601 850 1744 914 laus
1792 849 2000 915 honor
2046 853 2130 914 sit
2175 858 2241 915 et
2286 852 2528 934 gloria,

159 952 455 1018 Alternis
501 973 574 1017 se
619 954 1077 1037 conspectibus
1327 956 1410 1016 25
1516 953 1623 1035 qui
1668 971 1786 1015 nos
1833 955 1914 1017 ab
1963 954 2090 1017 hoc
2134 954 2331 1017 exilio
2682 956 2766 1016 35

244 1064 592 1120 cernentes
637 1064 844 1120 mater
887 1054 1054 1138 filia,
1603 1060 1831 1122 ductos
1878 1059 2050 1123 locet
2094 1061 2156 1123 in
2202 1061 2434 1143 patria.

159 1162 370 1223 versis
417 1160 483 1223 in
529 1160 754 1225 Jesum
797 1160 1080 1225 vultibus

244 1271 510 1346 stupent
553 1263 923 1328 ineffabilia.
1513 1245 1689 1311 Laus
1736 1249 1820 1310 Sit
1863 1246 2093 1310 Mflfiae
2138 1246 2302 1329 fili⁰s

1604 1349 1810 1415 dulcis
1854 1349 2070 1414 Annae
2114 1352 2455 1434 nepotum,

160 1451 320 1528 Quae
367 1452 563 1515 tantis
603 1451 820 1533 fulges
864 1450 1143 1532 merim,
1515 1455 1623 1534 qui
1670 1471 1789 1517 nos
1837 1456 1919 1518 ab
1970 1453 2094 1518 hoc
2140 1454 2334 1517 exilio

245 1572 368 1635 per
412 1560 478 1615 te
524 1553 802 1616 donetur
844 1552 1060 1633 gratia
1325 1553 1409 1616 30
1602 1563 1848 1620 tractos
1899 1574 1971 1618 se
2016 1563 2199 1638 potet
2250 1557 2504 1638 poculo.
2682 1557 2767 1619 40

342 1751 629 1822 Perg.-11s.
664 1750 774 1807 No.
811 1752 920 1805 940
953 1767 1025 1805 zu
1052 1751 1392 1822 Darmstadt,
1427 1754 1530 1807 mit
1566 1753 1668 1808 der
1704 1753 1970 1822 melodus,
2010 1757 2080 1809 14
2113 1755 2310 1810 Jahrb.

332 1886 398 1944 V.
435 1892 484 1944 6.
541 1890 846 1957 transitus,
884 1890 1123 1965 σήμερον
1157 1893 1383 1961 μετέστη
1419 1891 1562 1965 πρὸς
1598 1890 1694 1961 τήν
1729 1890 1878 1962 ζωήν.
1934 1892 2044 1947 Jul.
2079 1895 2166 1946 25.

331 1979 397 2032 V.
435 1978 483 2032 9.
538 1978 611 2033 ad
647 1978 856 2045 coeIOS,
918 1977 1097 2050 γῆθεν
1149 1976 1399 2053 ἀρθεῖσα
1452 1978 1593 2054 πρὸς
1642 1978 1709 2034 τὰ
1757 1978 1988 2055 οὐράνια
2042 1986 2534 2055 συνευφραινομένη
2570 1982 2766 2053 δήμοις

157 2066 261 2121 τῶν
299 2063 562 2138 inditur.
616 2065 726 2122 Jul.
761 2068 848 2119 25.

336 2156 406 2210 V.
444 2158 532 2209 25.
587 2152 828 2227 Ἰωακεὶμ
864 2159 956 2209 καὶ
986 2151 1150 2211 Ἅννα
1184 2153 1550 2228 μεταστάντες
1585 2154 1729 2230 πρὸς
1766 2153 2056 2231 ὀυρανίους
2092 2157 2291 2225 σκηνὰς
2339 2156 2440 2212 σὺν
2485 2153 2551 2227 τῇ
2586 2152 2767 2210 αὐτῶν

158 2247 404 2320 θυγατρὶ
441 2242 843 2319 ὕπεραχρᾶντῳ
879 2247 1149 2318 παρθένῳ
1184 2245 1298 2314 μετ’
1336 2241 1581 2316 ἀγγέλων
1617 2242 1925 2318 χορεύουσι,
1988 2243 2098 2299 Jul.
2134 2247 2220 2298 25.

1094 2597 1263 2671 793.
1321 2598 1438 2671 De
1489 2622 1544 2669 s.
1597 2599 1833 2669 Anna.

154 2829 333 2910 Ave,
382 2829 565 2893 salve
611 2836 838 2893 sancta
880 2826 1099 2912 Anna,
1510 2828 1711 2913 Legis
1756 2851 2031 2913 namque
2077 2834 2485 2902 maledictum

237 2952 476 2997 nomen
518 2931 726 2995 habes
771 2933 1014 3014 gratia,
1598 2935 1844 3017 patitur
1889 2937 2196 3002 sterilitas

153 3038 337 3121 cujus
384 3056 612 3099 verum
659 3036 805 3100 coeli
851 3055 1081 3099 manna
1510 3035 1936 3118 Joachimque
1983 3037 2430 3104 sic'afflictum

237 3140 429 3205 nobis
473 3139 730 3223 profert
776 3138 925 3204 filia.
1597 3138 1753 3203 fecit
1794 3139 2261 3204 infoecunditas.
2676 3146 2759 3207 20

152 3327 401 3394 Sancta
446 3330 580 3392 vita
631 3330 918 3394 meruisti
1365 3333 1403 3392 5
1510 3325 1713 3391 Salve
1757 3323 1982 3407 Anna,
2030 3345 2287 3410 semper
2332 3327 2585 3410 gaude,

239 3449 390 3496 esse
435 3430 624 3495 radix
673 3433 1007 3515 germiniS,
1598 3429 1714 3493 tibi
1758 3448 2032 3511 namque
2080 3427 2371 3492 dominus

151 3553 281 3616 quo
328 3533 619 3617 prodivit
662 3535 875 3599 carnis
922 3534 1162 3598 Christi
1511 3533 1813 3614 angelum
1859 3534 2240 3615 transmisit,
2287 3532 2554 3617 plaude,

235 3637 361 3702 flos
409 3638 492 3702 de
537 3637 698 3702 flore
743 3639 1029 3720 virginis.
1599 3637 1749 3716 quia
1794 3636 2201 3701 nihilominus

145 3825 351 3893 Anna
396 3834 607 3895 mater
652 3823 973 3889 Samuelis
1510 3825 1806 3890 Joachim
1854 3837 1957 3891 est
2002 3827 2388 3912 destinatus,
2679 3833 2762 3893 25

233 3931 440 3995 flebat
483 3929 767 4012 gliscens
813 3927 1041 4011 filium,
1325 3930 1403 3992 10
1600 3931 1824 3994 ambos
1869 3949 1991 3995 vos
2037 3931 2378 3998 laetificans

149 4035 300 4098 avia
343 4032 782 4097 Emmanuelis
1512 4031 1595 4094 de
1641 4031 1982 4113 futuraque
2030 4033 2263 4097 affatus

231 4137 444 4202 flebas
487 4135 945 4219 improperium
965 4183 982 4216 ‚
1598 4135 1825 4200 sobole
1870 4135 2257 4201 certificans.

141 4330 347 4414 Legis
399 4330 516 4394 tibi
561 4328 735 4411 quod
781 4327 1109 4411 objectum
1511 4323 1674 4388 Viro
1710 4333 1822 4387 tuo
1865 4323 2240 4398 occurristi,

231 4444 337 4500 est
385 4454 426 4497 a
473 4431 941 4497 contribulibus
1600 4428 1872 4510 augelus
1917 4432 1989 4490 ut
2020 4424 2292 4506 monuit,
2676 4426 2762 4488 30

143 4538 397 4620 ssesque
441 4536 742 4602 Joachim
788 4534 1111 4618 abjectum
1325 4536 1405 4596 15
1510 4531 1856 4615 gravidata
1900 4530 2217 4613 peperisti

232 4642 463 4726 templi
508 4662 550 4705 a
594 4640 965 4707 cultoribus.
1597 4637 1825 4721 filiam,
1873 4655 2019 4718 quae
2064 4635 2289 4717 genuit
