3175 5234
201 478 437 544 Octavi
480 478 632 541 anni
678 477 920 543 circulo

198 588 394 662 pater
440 575 786 645 Albertum
830 586 1100 662 peracto
1381 580 1462 643 10

197 684 474 760 affatur,
519 691 592 745 ut
636 680 953 746 alluderet

197 796 270 849 et
319 787 491 848 bunc
535 785 761 869 nuptui
804 786 1109 850 traderet.

119 984 124 985 ’
197 975 407 1039 Pater
451 974 745 1039 decrevit
789 976 1008 1041 facere

197 1080 394 1142 uxori
442 1096 698 1160 quoque
742 1078 1050 1163 prodere,

202 1180 330 1242 sed
375 1181 502 1243 ista
550 1183 766 1245 obstat
809 1181 1026 1245 valide
1380 1186 1458 1245 15

204 1290 279 1345 et
323 1283 524 1365 coepit
567 1284 710 1346 viro
758 1281 994 1348 dicere.

207 1467 517 1551 „Nescis,
567 1468 740 1550 quod
784 1478 940 1534 voto
987 1472 1258 1555 supplici

204 1574 316 1638 hic
363 1573 553 1638 datus
600 1576 788 1638 matri
837 1575 1120 1639 domini?

202 1677 383 1742 hunc
428 1687 690 1760 oportet
733 1680 1076 1744 virtutibus

204 1781 434 1844 ornari
481 1782 653 1844 sacri
696 1779 1014 1847 habitdsf‘

201 1966 318 2033 Ad
364 1968 513 2033 haec
549 1977 738 2053 pater
782 1971 1112 2054 obstupuit

206 2078 277 2133 et
321 2070 494 2134 ultra
541 2071 715 2152 loqui
760 2072 992 2153 timuit,

2695 293 2822 361 188

1566 487 1633 541 et
1678 478 1775 542 sic
1816 475 2066 557 reginae
2112 476 2437 558 virginum

1564 580 2057 647 immolaverunt
2097 576 2463 645 Albertum.

1562 770 1865 856 Accepta
1913 773 2116 855 patris
2162 774 2378 856 gratia
2530 824 2543 837 .
2733 776 2818 837 25

1565 875 1651 940 ad
1697 876 1965 938 fratrum
2010 875 2115 939 bic
2160 876 2393 941 solatia

1565 974 2059 1040 carmelitarum
2105 976 2318 1040 ordini

1565 1098 1711 1143 sese
1758 1080 2043 1145 donabat
2089 1078 2391 1164 Trapani.

1562 1269 1773 1353 Hujus
1816 1287 1967 1350 nos,
2014 1267 2302 1348 Christe,
2344 1269 2648 1351 precibus

1564 1372 1859 1455 supernis
1896 1371 2107 1455 junge
2153 1370 2432 1451 civibus,
2728 1368 2811 1432 30

1564 1475 1798 1538 ablatis
1842 1473 2233 1539 facinoribus

1564 1583 1631 1639 et
1676 1577 1897 1640 saeculi
1944 1576 2290 1640 erroribus.

1377 1786 1458 1849 20
1559 1762 1813 1827 Praesta
1858 1770 2048 1845 pater
2092 1763 2379 1846 ingenite

1563 1874 1631 1929 et
1675 1866 1769 1930 fili
1810 1867 2238 1950 primogenite

1566 1987 1709 2032 cum
1754 1978 2173 2033 sacrosancto
2218 1969 2475 2032 flamine
2730 1969 2812 2031 35

1566 2089 1734 2135 nunc
1779 2079 1846 2135 et
1889 2072 1951 2134 in
2000 2073 2169 2134 omni
2213 2080 2523 2154 tempore.

388 2254 485 2306 Hs..
524 2270 592 2307 zu
629 2254 926 2324 Bamberg,
962 2255 1058 2308 Ed.
1101 2255 1218 2308 vn.
1257 2256 1345 2309 36.
1384 2254 1482 2308 des
1519 2256 1586 2307 15
1623 2253 1817 2309 Jahrb.
1887 2254 2089 2310 Albert
2123 2254 2282 2308 starb
2322 2256 2487 2322 1306,
2543 2254 2644 2309 das
2680 2253 2816 2308 Lied

205 2340 283 2396 ist
318 2341 446 2395 also
483 2341 636 2396 nicht
671 2342 819 2398 alter
856 2343 943 2398 als
981 2344 1081 2399 das
1120 2346 1189 2397 14
1222 2344 1422 2399 Jahrb.

389 2465 425 2515 2
487 2463 940 2532 praeconcinnat‚
997 2463 1097 2518 Hs.
1198 2465 1234 2517 3
1283 2463 1524 2530 cathol„
1596 2465 1689 2518 Hs.

211 2550 280 2604 18
314 2555 530 2618 matre,
567 2551 661 2604 ΗΒ.
729 2552 801 2605 26
838 2548 1102 2619 fratrem,
1137 2551 1235 2606 Hs.

1804 2465 1874 2516 10
1926 2468 2160 2533 peracto
2216 2469 2330 2533 pat.
2387 2462 2619 2518 Alberte
2640 2502 2655 2531 ‚
2719 2461 2817 2519 Hs.

918 2835 1088 2908 780.
1155 2834 1567 2934 Hympnum
1622 2860 1676 2906 s.
1728 2833 2110 2908 Ambrosii.

213 3054 603 3118 Miraculum
649 3055 971 3120 laudabile

214 3158 430 3220 canite
478 3175 698 3221 omnes
741 3162 997 3244 populi,

171 3265 175 3268 ⁴
217 3260 391 3342 quod
438 3261 656 3325 datum
701 3271 801 3327 est
843 3265 1140 3329 ecclesiae

216 3363 552 3428 fluctuanti
596 3366 659 3428 in
705 3367 979 3449 saeculo,

217 3551 634 3617 Ambrosium
682 3563 898 3619 vatem
944 3576 1274 3639 magnum,
1426 3560 1464 3618 5

220 3655 751 3737 praedestinatum
798 3678 837 3721 a
883 3658 1039 3738 de0,

217 3763 513 3837 tempore
559 3774 687 3836 quo
738 3756 1031 3823 diabolus

221 3855 587 3920 foedaverat
629 3860 867 3942 templa
912 3859 1035 3923 dei.

223 4047 547 4130 ChristuS,
596 4052 703 4131 qui
746 4069 1065 4131 nunquam
1113 4051 1381 4136 deserit,

222 4174 386 4237 quos
433 4173 552 4219 suo
597 4156 851 4220 redimit
897 4159 1235 4240 sanguine,
1390 4161 1468 4222 10

224 4259 461 4321 direxit
505 4259 709 4321 virum
755 4260 1067 4341 inclitum,

223 4370 292 4424 ut
333 4359 602 4425 Arrium
650 4363 1029 4427 destrueret.

224 4550 465 4616 Insulas
511 4553 660 4617 dum
707 4555 878 4637 gerit
922 4555 1178 4637 saeculi,

226 4652 575 4736 adquisivit
618 4655 942 4738 paradisi,

1562 3056 1676 3139 jus
1722 3054 1870 3118 dum
1913 3062 2131 3137 portat
2174 3055 2411 3136 gladii,
2737 3054 2818 3118 15

1573 3159 1858 3239 suscepit
1902 3158 2241 3238 evangelii.

1573 3345 1956 3430 Mysterium
1998 3344 2421 3426 incognitum,

1575 3450 1918 3514 altissimus
1965 3447 2137 3528 quod
2180 3454 2492 3529 noverat,

1573 3552 1851 3617 nondum
1899 3551 2152 3615 ablutus
2207 3532 2474 3617 lavacro

1572 3657 1869 3740 pontifex
1913 3655 2187 3737 eligitur.
2734 3655 2821 3721 20

1574 3846 1918 3929 Ingressus
1964 3853 2065 3909 est
2109 3845 2452 3910 ecclesiam

1573 3948 1833 4034 plebem
1878 3946 2112 4010 sedare
2155 3945 2510 4027 turbidam,

1578 4062 1912 4117 contorum
1957 4071 2072 4117 ora
2118 4051 2549 4116 conclamant:

1581 4156 2033 4241 „Ambrosium
2079 4148 2529 4253 episcopumg!

1579 4344 1759 4411 Arrii
1804 4355 1955 4411 tunc
1998 4341 2275 4428 perfidia
2744 4343 2830 4406 25

1580 4456 1899 4531 purgatur
1945 4446 2027 4509 de
2076 4444 2386 4525 ecclesia3

1586 4557 1818 4613 cuncta
1862 4557 2257 4633 concrepant
2302 4549 2594 4632 agmina,

1584 4671 1710 4719 nec
1757 4651 1992 4718 desunt
2038 4653 2279 4719 Christi
2323 4674 2605 4719 munera.
