3175 5234
334 459 432 514 110.
472 473 543 511 zu
581 455 895 512 Karisrnhe
933 472 984 510 ο.
1023 455 1087 511 N.
1129 459 1197 511 14
1215 457 1414 511 Jahrb.
1450 456 1552 510 mit
1588 455 1690 510 der
1726 454 2049 526 Singweiso
2085 457 2215 529 (K).

2643 274 2767 336 111

2289 457 2384 512 He.
2421 453 2774 510 zu'flailand

152 547 209 600 in
254 546 366 599 der
403 544 649 599 ambros.
688 541 1013 597 Bibliothek
1050 544 1132 610 Μ,
1170 545 1239 596 25
1289 543 1388 597 des
1440 545 1506 595 15
1542 542 1740 597 Jahrb.
1792 544 1924 610 (Μ).
2008 544 2110 598 Bei
2149 544 2377 599 Thomas.
2411 560 2464 615 p.
2500 543 2609 596 354
2645 542 2771 610 (Τ).

151 633 314 687 Auch
351 630 447 685 bei
483 633 681 688 Daniel
714 635 761 702 1,
804 634 888 686 92.
926 632 1027 686 mit
1063 631 1163 686 der
1199 630 1592 703 gewfinlichen
1627 630 2099 701 Schlusstrophe‚
2138 630 2239 686 der
2275 629 2441 686 daffir
2476 631 2639 685 keine
2674 631 2772 685 Hs.

150 719 436 774 benutzte.

338 843 376 894 3
403 838 683 895 «Iohannis
718 837 788 892 Μ.
842 842 879 892 4
915 835 1126 893 factum
1160 838 1232 893 Μ.
1289 839 1323 892 6
1359 843 1422 894 ut
1456 855 1510 909 p.
1551 856 1595 893 s.
1633 843 1900 909 pasceret
1932 839 1998 893 Μ.
2062 841 2096 891 9
2132 854 2311 892 amum
2348 835 2684 908 profundum
2704 836 2773 890 Μ.

155 932 219 982 11
260 927 432 983 omlis
467 926 539 981 Μ.
617 928 684 978 12
721 927 1002 980 hominum
1039 926 1171 994 ΜΤ,
1210 926 1318 980 wie
1355 925 1407 978 K
1444 925 1574 980 liest
1610 928 1754 980 auch
1792 926 1926 981 eod.
1962 925 2143 980 Vatic.
2182 927 2249 980 82
2287 925 2379 979 bei
2416 926 2475 980 T.
2542 925 2608 977 15
2647 939 2775 994 pec·

161 1019 294 1069 tora
332 1014 407 1068 Μ.
484 1013 552 1066 16
590 1011 782 1066 locata
820 1011 886 1065 K.
955 1011 1228 1090 22=laude
1266 1011 1386 1082 ipse
1422 1010 1554 1080 ΚΜ,
1595 1012 1715 1081 ipse
1750 1011 1918 1065 laude
1956 1017 2188 1067 resonet
2223 1013 2282 1066 Τ.
2354 1014 2427 1066 30
2453 1011 2669 1065 ducitur
2703 1009 2774 1064 Μ.

334 1134 403 1188 V.
444 1137 494 1188 1.
541 1133 729 1188 Daher
767 1140 940 1188 neunt
975 1133 1071 1187 ihn
1108 1134 1331 1188 AnseIm.
1371 1139 1517 1189 orat.
1555 1134 1640 1188 68.
1680 1132 1917 1188 dilectus
1956 1132 2195 1188 dilector
2232 1133 2337 1188 dei.

338 1221 409 1274 V.
443 1223 495 1274 2.
542 1219 805 1287 tonitrui,
860 1217 925 1292 τῇ
972 1218 1335 1294 βροντοφώνῳ
1386 1240 1489 1275 σου
1535 1218 1743 1291 γλώττῃ
1794 1217 2286 1295 ἀναφθεγγόμενος
2339 1218 2432 1290 τῆς
2481 1215 2579 1274 τοῦ
2634 1217 2772 1273 θεοῦ

157 1315 366 1378 σοφίας
403 1306 498 1362 τὸν
535 1304 858 1379 ἀπόκρυφον
895 1304 1074 1380 λόγον.
1121 1306 1247 1360 Mai.
1287 1306 1335 1359 8.
1408 1297 1569 1368 οὗτος
1607 1304 1941 1381 ἐβρόντησεν,
1974 1306 2004 1362 ὁ
2041 1305 2204 1381 λόγος
2242 1299 2305 1377 ἦν
2341 1307 2398 1363 ἐν
2435 1305 2597 1383 ἀρχῇ,
2634 1304 2773 1361 ὅθεν

160 1395 552 1472 βροντοφῶνος
589 1392 835 1463 ἐδείχθη.
891 1391 1046 1462 Sept.
1084 1393 1170 1447 26.
1225 1391 1357 1447 Juni
1394 1392 1442 1447 8.

727 1480 957 1556 βροντῆς
993 1475 1119 1552 ydus
1154 1477 1450 1552 βρόντησον
1484 1474 1710 1551 ὑψόθεν
1742 1483 1915 1552 μέγα,

726 1572 817 1623 καὶ
853 1566 1122 1638 σήμανον,
1159 1565 1279 1629 πῶς
1315 1566 1350 1636 ἦ
1388 1564 1698 1642 προάρχιος
1736 1566 1904 1638 φύσις

731 1654 874 1717 θεὸς
909 1653 1106 1729 βροτός
1142 1674 1198 1709 τε
1233 1658 1322 1708 καὶ
1362 1652 1500 1716 θεὸς
1535 1654 1701 1710 πάλιν
1734 1658 1898 1727 μένει.

158 1747 441 1815 Anonym.
483 1758 572 1813 ap.
609 1744 668 1797 L.
707 1745 947 1797 Attalium
983 1742 1050 1794 de
1087 1740 1249 1795 libris
1286 1740 1483 1795 eccles,
1522 1741 1699 1796 Graec.
1737 1758 1790 1812 p.
1830 1745 1916 1796 42.
1967 1742 2025 1797 S.
2064 1744 2166 1798 No.
2205 1744 2325 1813 699,
2362 1746 2447 1799 49.

344 1830 413 1884 V.
451 1831 502 1883 3.
540 1833 590 1883 4.
631 1844 850 1885 arcana
893 1827 1201 1896 revelavit,
1265 1828 1320 1882 in
1358 1827 1463 1881 den
1499 1828 1734 1883 Menfien
1790 1827 1821 1883 ὁ
1870 1829 2127 1903 ἑρμηνεὺς
2180 1829 2287 1885 τῶν
2337 1828 2445 1885 ἄνω
2494 1829 2592 1885 τοῦ
2630 1832 2772 1886 θεου

164 1922 495 1992 μυστηρίων.
550 1915 677 1970 Mai.
717 1916 767 1970 8.
839 1915 926 1971 Ab
974 1914 1250 1968 universis
1292 1914 1424 1987 jure
1475 1915 1725 1968 creditur
1773 1915 2022 1971 Joannes
2074 1917 2370 1986 apostolus
2421 1916 2599 1971 clavis
2649 1934 2775 1972 esse

161 2004 483 2059 verborum.
547 2003 748 2057 Ennod.
786 2000 917 2055 dict.
953 2002 1003 2055 4.
1041 2017 1095 2070 p.
1135 2002 1272 2053 1055
1311 2000 1394 2054 ed.
1434 2001 1696 2056 Sir-moad.

338 2090 406 2143 V.
446 2091 531 2143 14.
573 2092 655 2143 15.
706 2087 837 2159 Vgl.
876 2088 980 2143 No.
1020 2089 1141 2155 536,
1178 2088 1265 2142 63.
1302 2088 1386 2140 64.

344 2228 634 2284 Johannes
687 2226 837 2281 wird
882 2243 997 2282 von
1035 2227 1141 2281 den
1179 2226 1452 2283 Griechen
1489 2226 1811 2298 gewiinlieh
1847 2226 1948 2280 der
1988 2227 2250 2299 'theolog
2286 2232 2568 2299 genannt,
2632 2228 2773 2285 διότι

162 2314 534 2387 ἔθεολόγησεν
567 2310 791 2387 ὑψηλῶς
826 2313 921 2384 τὴν
959 2311 1334 2388 ἇνέκφραστον
1374 2312 1472 2368 τοῦ
1507 2316 1635 2369 υἱοῦ
1665 2317 1753 2368 καὶ
1791 2310 1959 2385 λόγου
2007 2314 2066 2368 ἐκ
2113 2313 2212 2370 τοῦ
2247 2314 2390 2370 θεοῦ
2429 2320 2518 2370 καὶ
2563 2316 2774 2390 πατρὸς

163 2403 385 2460 αἰώνιον
421 2407 677 2479 γέννησιν.
727 2403 924 2458 Horar.
965 2405 1084 2456 176.
1154 2402 1252 2457 Sio
1288 2399 1470 2457 feiern
1507 2402 1698 2457 seinen
1735 2402 2023 2474 Todestag
2060 2418 2149 2457 am
2184 2405 2255 2458 26
2281 2404 2437 2474 Sept.
2476 2404 2585 2459 und
2612 2405 2773 2459 einen

168 2493 383 2547 andern
422 2492 659 2561 Festtag
696 2506 781 2543 am
821 2490 854 2542 8
882 2489 1010 2543 Mai.

765 2844 933 2915 703.
1002 2842 1235 2913 Prosa
1291 2839 1377 2911 de
1429 2866 1484 2912 s.
1538 2840 1877 2912 «Iohanne
1932 2864 2182 2937 evang.

167 3075 550 3138 Trinitatem
595 3080 848 3135 reserat
894 3071 1145 3153 aquila,

165 3196 450 3243 summus
499 3175 920 3256 evangelista.

163 3389 358 3456 Felix
404 3389 597 3452 sedes
643 3388 907 3471 gratiae,

166 3512 478 3558 summum
525 3511 746 3573 regem
795 3489 1028 3572 gloriae

169 3595 402 3659 videns
449 3594 677 3655 mentis
726 3594 863 3655 acie

164 3716 294 3762 non
334 3696 616 3777 repulsa.

164 3911 531 3976 Johannem
581 3908 869 3990 deificat,

166 4013 425 4096 angelis
470 4012 771 4095 parificat

166 4118 463 4200 spirituS,
511 4118 616 4199 qui
661 4117 905 4182 indicat

166 4221 318 4286 coeli
365 4239 628 4284 summa.

163 4432 384 4516 Aquae
429 4436 601 4497 vivae
647 4433 934 4497 salientis

161 4537 271 4601 hic
315 4545 417 4599 est
460 4545 654 4619 potus
698 4539 1131 4603 recumbentis

161 4659 367 4724 supra
414 4649 643 4724 pectus
689 4640 941 4705 domini.

1343 4221 1420 4283 10

1522 3066 1647 3160 Hiq
1692 3066 1986 3147 exfulget
2022 3065 2198 3130 miris
2244 3067 2484 3148 signiS‚

1523 3170 1630 3234 hio
1675 3178 2009 3251 expugnat
2052 3169 2228 3232 vires
2271 3169 2441 3249 ignis

1525 3280 1593 3336 et
1636 3272 1947 3335 ferventis
1994 3271 2118 3334 olei
2131 3292 2148 3350 3

1525 3462 1845 3526 Mirantur
1859 3507 1875 3540 ,
1923 3455 2115 3522 nimia

1527 3564 1860 3629 tormentis
1900 3560 2151 3626 saevitia

1529 3750 1715 3829 Quod
1760 3758 2010 3832 martyr
2057 3752 2198 3832 quis
2245 3750 2361 3815 fiat

1528 3863 1596 3919 et
1639 3872 1867 3937 poenas
1910 3870 2042 3917 non
2090 3856 2342 3918 sentiat.

1527 4042 1580 4107 Ο
1625 4052 1901 4127 martyr,
1950 4064 1988 4110 ο
2034 4046 2257 4129 virgo,

1527 4165 1566 4210 ο
1615 4154 1834 4211 custos
1879 4148 2181 4228 virgini8‚

1524 4272 1649 4335 per
1693 4270 1883 4333 quam
1926 4248 2163 4312 mundo
2209 4248 2437 4330 gloria.

1525 4438 1628 4501 Ex
1675 4455 1801 4518 quo
1849 4443 2023 4516 sunt,
2068 4437 2131 4498 in
2180 4455 2306 4518 quo
2352 4447 2524 4521 sunt,

1525 4561 1646 4624 per
1692 4561 1878 4622 quem
1925 4548 2072 4604 sunt
2116 4543 2355 4624 omnia,

1525 4663 1648 4726 per
1693 4651 1757 4706 te
1797 4642 1908 4707 det
1952 4644 2279 4727 suffragia.

2696 3172 2774 3230 15

2696 3859 2778 3920 20

2693 4545 2775 4604 25
