3175 5234
214 485 386 554 Nm
426 481 664 548 zabulo
707 479 1056 562 instigante
1574 473 1875 555 Plu-bo,
1920 488 2105 552 oeta,
2743 466 2827 530 36

216 587 514 657 Dion-,leto
557 585 918 669 imperante
1575 577 1752 661 pice,
1796 574 2017 639 resina

307 692 608 757 turbatur
652 688 933 755 ecelesia
950 733 969 766 ,
1391 683 1471 747 15
1578 680 1855 763 oleoque
1890 676 2300 763 perfunditur
2313 724 2330 758 ,

840 823 851 834 ·
1576 782 1696 848 sed
1742 790 1991 865 martyr
2033 798 2160 845 non
2206 779 2502 845 vincitur.

220 879 410 950 Unde
453 897 733 946 moerens
776 879 1022 963 praesul
1065 882 1323 943 sanetus
1341 924 1358 958 ,

219 980 566 1071 postquem
612 982 802 1048 saevit
846 983 1027 1062 furor
1072 986 1316 1061 tantus,
1579 991 1738 1070 Quis
1782 988 1965 1053 valet
2007 984 2263 1052 Erasmi
2338 1003 2349 1012 ·

310 1106 562 1172 pauper
606 1084 680 1151 fit
725 1085 1007 1150 eremita.
1577 1093 1854 1157 virtutes
1898 1089 2071 1155 fari?
2751 1086 2835 1151 40

1580 1209 1709 1259 non
1756 1194 1924 1257 enim
1968 1212 2091 1276 per
2132 1191 2391 1273 linguas
2436 1191 2597 1255 ferri

222 1273 352 1343 Ubi
395 1272 608 1341 (luetis
652 1279 902 1357 septem
945 1273 1129 1336 annis
1581 1303 1833 1363 eunetae
1877 1301 2146 1381 possent
2189 1292 2443 1358 referri.

221 1387 358 1445 tam
384 1378 451 1442 in
480 1376 733 1460 hymnis
765 1394 956 1458 quam
986 1376 1049 1440 in
1064 1374 1362 1459 psalmis,
1394 1373 1477 1438 20

209 1515 216 1522 ·
313 1487 665 1547 revocatur
687 1478 1010 1551 ,divinitus
1023 1498 1043 1559 3
1581 1480 1651 1549 A
1686 1480 1913 1568 judice
1959 1480 2087 1545 alio
2133 1480 2540 1545 examinatur

1531 1571 1536 1574 ’
1583 1595 1652 1650 et
1694 1591 2015 1651 tormenta
2058 1590 2458 1648 renovantur

229 1666 352 1734 Cui
396 1661 749 1733 occurrunt
791 1664 1056 1747 infirmi,
1590 1699 1741 1756 ante
1778 1687 1960 1755 mata
1998 1657 2306 1772 marty'ri,
2758 1685 2843 1749 45

231 1772 420 1854 caeei,
465 1770 713 1853 claudi,
757 1770 940 1851 muti,
987 1766 1196 1848 surdi,
1239 1810 1247 1818 -
2098 1781 2109 1790 ·

317 1889 509 1957 opem
553 1879 830 1958 poscunt
872 1869 1274 1954 singultibus·
1588 1879 1678 1945 Et
1717 1886 1871 1965 post
1912 1877 2113 1942 multa
2156 1876 2477 1960 supplicia

1594 1981 1892 2047 Christus
1937 1979 2100 2046 deus
2145 1981 2541 2065 sempiterna

233 2062 287 2130 0
332 2060 658 2128 laudanda
701 2060 949 2127 eunetis
993 2060 1174 2124 horis
1397 2061 1481 2122 25
1591 2085 1775 2150 vexit
1818 2084 1994 2148 fflum
2037 2081 2118 2148 ad
2165 2081 2435 2165 gaudia,

235 2164 601 2245 benignitas
646 2161 992 2226 salvatoris
1016 2206 1035 2243 ‚
2459 2207 2467 2215 .

325 2275 503 2332 tanta
547 2273 869 2350 praestans
912 2264 1242 2330 fidelibus!
1595 2272 1721 2341 Ubi
1767 2283 1941 2339 orat:
1992 2293 2133 2357 „me
2179 2273 2564 2356 quicumque

356 2410 366 2417 ·
1597 2377 1877 2459 petierit,
1896 2375 1982 2440 da
1999 2373 2386 2456 mercedem,
2407 2368 2730 2438 domine!“
2762 2372 2845 2437 50

238 2453 405 2521 Hine
450 2475 487 2518 a
532 2454 754 2538 pravis
799 2461 1169 2520 coarctatur
1186 2500 1205 2535 ‚

239 2557 515 2627 Diocleti
559 2565 1021 2642 praesentatur,
1598 2562 1811 2646 Ergo,
1836 2561 1840 2566 '
1861 2571 2086 2627 sancte
2129 2569 2323 2647 pater
2364 2560 2668 2645 Bramme,

327 2678 576 2746 ponere
622 2660 813 2724 thura
856 2656 1063 2721 idolis,
1407 2657 1490 2721 30
1597 2666 1665 2730 in
1708 2665 2006 2729 adversis
2051 2681 2171 2728 nos
2216 2672 2434 2746 tuere,

1601 2765 1889 2849 dirigens
1935 2783 2054 2830 nos
2099 2782 2445 2849 prospere,

247 2849 388 2929 Quo
431 2855 712 2931 negante

241 2953 450 3039 judex
492 2958 763 3037 repente
1602 2951 1690 3018 Ut
1735 2955 1955 3019 clausa
1997 2956 2133 3019 vita
2177 2957 2350 3019 bono
2396 2955 2591 3020 simus

246 3055 584 3125 Erasmum
620 3055 812 3139 jubet
853 3053 1053 3118 variis
1604 3064 1818 3122 tecum
1862 3053 2019 3120 sine'
2046 3055 2176 3118 fine
2771 3062 2854 3123 55

250 3160 540 3243 torqueri
578 3157 911 3242 suppliciis
929 3204 947 3236 ‚
1604 3159 1948 3225 laudantes
1993 3158 2192 3223 filium
2237 3159 2486 3224 Mariae.

425 3343 517 3484 113.
567 3359 638 3396 zu
671 3336 1148 3397 Pommersfelden
1182 3339 1288 3396 No.
1323 3342 1479 3397 2926.
1525 3345 1590 3396 15
1619 3342 1820 3399 Jahrb.
1893 3342 2007 3398 Das
2047 3295 2486 3413 Stropnenmass
2522 3343 2599 3398 ist
2633 3359 2747 3400 von
2782 3347 2856 3401 30

254 3447 326 3486 an
363 3444 463 3485 ver
504 3429 695 3484 orben.

436 3569 504 3624 13
539 3537 773 3638 sabulo,
809 3569 903 3625 Hs.
1007 3570 1090 3622 14.
1125 3570 1212 3624 29.
1248 3568 1636 3638 Diocletiano,
1690 3569 1787 3624 Hs.
1847 3585 2034 3642 gegen
2070 3570 2174 3626 das
2211 3570 2508 3627 Versmase
2531 3612 2546 3641 ,
2602 3571 2707 3627 der
2740 3572 2854 3628 Ab·

256 3659 548 3715 schreiber
583 3663 793 3713 wusste
831 3658 986 3713 nicht
1003 3698 1017 3725 ,
1070 3656 1201 3712 dass
1237 3657 1551 3714 Diocletian
1590 3658 1805 3714 verber
1838 3657 2065 3714 Diocles
2102 3658 2284 3729 hiess,
2322 3675 2445 3715 was
2481 3660 2585 3714 der
2622 3657 2856 3714 Dichter

199 3779 206 3785 -
257 3747 554 3804 lateinisch
590 3743 798 3824 fleetirt
833 3745 948 3801 hat.
1020 3745 1249 3802 Luceant.
1284 3752 1449 3802 mort.
1486 3760 1704 3817 perseo.
1741 3747 1793 3802 9.

588 4115 759 4189 911.
831 4070 1100 4184 Felicis
1151 4124 1222 4186 et
1261 4112 1561 4214 Reguloe
1611 4113 1704 4186 ed
1747 4126 2150 4189 nocturnos.
2225 4113 2546 4216 hymnus,

266 4362 525 4431 Summe
574 4365 895 4433 clarorum
932 4364 1093 4430 deus
1129 4362 1511 4447 angelorum
1617 4361 1819 4427 Festa
1845 4360 2085 4427 Felicis
2113 4360 2516 4445 Regulaeque
2547 4371 2793 4430 sanotae
2822 4366 2865 4428 5

266 4476 460 4550 atque
490 4477 859 4556 sanetorum
889 4469 1253 4550 roborator,
1284 4465 1513 4530 horum
1619 4475 1990 4550 martyrum,
2016 4473 2256 4550 rector,
2284 4465 2571 4531 canimus
2590 4473 2869 4556 tuorum,

266 4571 437 4636 festa
480 4571 760 4638 devotos
806 4570 1082 4635 famulos
1127 4571 1416 4636 colentes
1622 4587 1786 4654 quos
1829 4571 1897 4634 in
1941 4577 2188 4635 aeterno
2231 4569 2499 4635 rutilare
2544 4589 2753 4655 regno

474 4676 602 4743 ista
642 4685 845 4743 tuere.
984 4699 992 4707 ·
1575 4708 1583 4716 ·
1835 4669 2167 4740 oredimus·
2198 4690 2440 4739 omnes.
