3175 5234
1013 699 1186 787 653.
1258 701 1375 772 De
1426 727 1481 773 s.
1534 700 1872 776 Johanne
1922 702 2247 802 baptista.

453 926 711 1009 Gaude,
759 935 823 991 te
867 929 1243 1010 priusquam
1286 936 1504 992 natum
1804 930 2053 1013 gaude,
2100 952 2246 996 nam
2295 933 2377 997 de
2423 941 2489 998 te
2535 944 2840 1020 testatur,
2957 940 3018 1003 10

447 1028 650 1093 fuisse
693 1031 1220 1112 praenuntiatum,
1804 1032 1975 1112 quod
2021 1049 2148 1096 non
2198 1035 2411 1118 major
2458 1036 2701 1102 oriatur

534 1128 897 1213 Johannes‚
943 1131 1275 1213 divinitus,
1887 1135 2057 1199 inter
2100 1143 2287 1201 natos
2332 1138 2670 1204 hominum.

449 1227 693 1311 gaude,
743 1229 914 1311 quod
964 1239 1031 1295 tu
1074 1232 1285 1315 major
1312 1239 1546 1295 ⁴vatum
2527 1242 2536 1259 ¹

446 1330 552 1395 dei
596 1333 804 1416 patris
848 1335 1047 1399 sentis
1086 1342 1305 1399 natum
1654 1339 1690 1397 5
1802 1320 2028 1386 Gaude
2072 1333 2322 1406 martyr
2367 1336 2433 1390 et
2476 1327 2773 1412 lucerna,

530 1435 752 1497 matris
797 1436 947 1498 alvo
992 1437 1261 1519 positus,
1796 1423 1989 1487 modo
2033 1445 2319 1508 regnans
2364 1429 2429 1491 in
2473 1447 2761 1514 superna

1883 1525 2131 1589 eoelesti
2169 1526 2563 1611 hierarchia3
2952 1539 3013 1598 15

444 1619 702 1702 Gaude,
753 1621 902 1703 quia
947 1624 1313 1707 baptizatur
1791 1630 1899 1697 fae
1942 1630 2050 1696 hio
2094 1632 2275 1696 vivat
2319 1640 2465 1698 tuus
2510 1655 2718 1700 verua

442 1743 482 1786 a
524 1731 591 1787 te
637 1722 932 1788 Christus
978 1734 1045 1789 et
1089 1735 1481 1792 monstratur
1791 1735 1911 1816 sio,
1957 1744 2028 1799 ut
2071 1735 2205 1801 illio
2251 1737 2641 1819 sempiterna

528 1826 904 1891 emendator
950 1831 1307 1912 criminum3
1875 1837 2245 1920 perfruatur
2291 1840 2521 1922 gloria.

611 2009 994 2066 Reicheuauer
1029 2013 1124 2067 Hs.
1163 2013 1265 2069 No.
1304 2016 1390 2069 36.
1427 2015 1512 2069 Bl.
1548 2020 1673 2073 203.

610 2131 678 2185 V.
719 2134 802 2187 13.
853 2132 1085 2188 lucerna
1123 2134 1198 2188 ist
1233 2135 1321 2189 die
1357 2137 1694 2210 Auslegung
1748 2156 1860 2194 von
1896 2140 2026 2196 Joh.
2066 2145 2114 2210 1,
2152 2146 2199 2196 7.
2241 2144 2297 2197 8.
2369 2145 2544 2200 Wird
2577 2147 2890 2203 manehmal
2919 2162 3012 2201 von

432 2216 718 2273 Johauues
755 2220 1085 2290 gebraucht.
1152 2223 1254 2277 No.
1291 2225 1424 2292 652,
1462 2226 1545 2279 81.
1599 2226 1705 2280 No.
1742 2228 1875 2296 650,
1912 2231 1961 2282 7.
2033 2228 2064 2285 ὁ
2100 2206 2297 2298 λύχνος
2332 2232 2432 2287 τοῦ
2467 2232 2649 2303 φωτὸς
2686 2240 3009 2311 προέρχεται,

430 2301 467 2370 ἦ
504 2299 641 2376 αὐγὴ
680 2303 778 2360 τοῦ
806 2302 962 2376 ἡλίου
997 2307 1092 2378 τῆς
1130 2308 1472 2379 δικαιοσύνης
1506 2331 1692 2381 μηνυει
1728 2312 1823 2383 τὴν
1856 2315 2075 2371 ἔλευσιν.
2129 2317 2254 2372 Jun.
2290 2320 2375 2372 24.

605 2424 710 2478 Ein
745 2425 881 2480 Lied
913 2426 1021 2481 auf
1048 2428 1238 2482 diesen
1276 2430 1536 2502 Heiligeu
1572 2433 1629 2487 in
1672 2435 1740 2486 10
1775 2434 2141 2508 vierzeiligeu
2180 2439 2464 2510 Strophen
2515 2459 2629 2498 von
2669 2444 2883 2500 Thomas
2913 2457 3007 2498 von

429 2511 659 2579 Kompen
694 2511 845 2565 steht
880 2511 971 2565 bei
1006 2513 1150 2567 Paar
1184 2515 1325 2569 nuel.
1365 2517 1549 2573 devot.
1586 2535 1638 2589 p.
1674 2521 1794 2574 268.
1832 2523 1944 2576 und
1979 2520 2150 2595 ffiugt
2184 2543 2291 2580 au:

708 2600 897 2657 Gaude
933 2610 1114 2658 mater
1151 2605 1392 2661 eeclesia
1956 2615 2024 2669 de
2064 2621 2436 2686 praecursoris
2473 2621 2676 2692 gloria.

839 2969 1011 3044 654.
1082 2974 1196 3044 De
1248 2999 1302 3045 s.
1350 2976 1689 3050 Johanne
1742 2978 2042 3080 baptista
2124 2987 2611 3082 (troparium).

422 3196 476 3256 1.
525 3193 849 3261 Summum
895 3219 1265 3281 praeconem
1313 3202 1554 3268 Christi
1769 3210 1828 3271 3.
1875 3206 2013 3274 Sed
2058 3214 2167 3294 qui
2212 3214 2294 3279 de
2341 3217 2507 3280 eoelo
2553 3220 2787 3284 meruit

521 3296 956 3365 collaudamus
1002 3301 1165 3384 laeti,
1869 3314 2216 3397 nominari,
2263 3319 2482 3382 mundi
2524 3322 2747 3402 nequit
2930 3322 2996 3383 15

1869 3413 2195 3480 illecebris
2240 3418 2412 3484 infici
2429 3469 2445 3501 ,

410 3484 469 3545 2·
517 3483 657 3562 9¹1⁰
702 3486 846 3569 ipssa
882 3492 1126 3554 veritas
1871 3547 2187 3617 Innocens
2233 3555 2477 3638 degere

558 3594 917 3653 rotestatur
1960 3655 1974 3670 .
2336 3661 2348 3675 .

513 3605 826 3767 fliaJorem
875 3690 1017 3753 fore
1063 3694 1378 3759 neminem
1615 3703 1653 3762 5
1860 3658 2683 3828 ἓζίοὲῒωὲξῖἶῗέἐῃῶ

505 3820 579 3888 1¹¹
616 3823 784 3887 natis
827 3826 1231 3912 gignentum,
1862 3861 2168 3925 consortii
2213 3864 2426 3928 aditus
2918 3865 2992 3928 20

506 3936 751 4010 praeter
795 3949 985 3993 unum

504 4029 819 4120 παρθένῳ
866 4044 1047 4101 casta
1093 4041 1394 4121 genitum.

507 4167 631 4233 Hie
673 4180 878 4235 matre
929 4173 1037 4238 diu

490 4269 631 4352 jam
675 4277 880 4339 sterili
926 4278 1136 4343 editus
1560 4286 1640 4348 10

1854 3994 1942 4059 Et
1984 3997 2160 4063 solus
2207 4002 2409 4067 solius

1854 4099 2179 4165 inhaerens
2225 4103 2330 4168 dei
2375 4106 2622 4172 visibus

1855 4235 2168 4320 Corporis
2214 4241 2501 4309 lubricos

1852 4340 2039 4406 luxus
2087 4342 2395 4409 edomans
2441 4366 2702 4414 earnem

493 4406 641 4472 Νο11
690 4413 894 4476 Solum
942 4420 1114 4497 patri
1852 4443 2102 4526 spiritui
2147 4450 2529 4534 subegerat,
2905 4453 2980 4514 25

494 4520 670 4579 muto
716 4516 1036 4599 eloquium
1079 4522 1325 4608 reddit,

496 4617 613 4682 sed
657 4620 947 4703 plurimis
992 4625 1311 4704 gaudium.
1743 4634 1800 4696 4.
1851 4631 2410 4721 severitatemque
