3175 5234
164 435 337 503 Hinc
379 434 648 500 trinitati
692 432 968 516 gloriam
981 479 1000 516 ‚

164 537 484 603 honorem
530 542 597 600 et
639 535 978 600 victoriam

1330 432 1415 495 25
1519 447 1887 516 pangemus,
1925 429 2166 513 hymno
2210 427 2464 513 pistico,

1426 607 1436 616 ,
1522 552 1603 600 σω
1640 551 1815 600 more
1858 534 2025 600 docti
2072 535 2356 616 mystico.

344 722 442 778 Hs.
479 737 550 775 zu
583 718 642 775 S.
670 719 814 774 Paul
848 719 907 773 in
940 719 1195 775 Kiirnten
1227 717 1335 774 No.
1372 719 1459 772 13.
1494 719 1564 773 15
1600 716 1802 774 Jahrb.
1839 714 1879 772 f.
1919 717 2005 772 85.

342 844 377 898 3
405 858 629 911 canore,
664 842 760 897 Hs.
829 842 866 895 9
900 840 1065 913 plebs
1099 838 1140 896 f.
1176 840 1302 896 coel.
1336 840 1433 895 Hs.
1505 842 1570 893 11
1610 843 1737 894 erat
1776 870 1841 880 -
1879 854 1998 907 sua,
2033 838 2129 894 Hs.
2202 841 2271 894 12
2306 838 2415 907 lex,
2451 836 2547 892 Hs.
2619 838 2688 891 21
2718 840 2777 892 te

160 929 315 989 fehlt
333 972 347 1001 ‚
412 927 581 986 dafiir
614 930 752 999 tibi,
806 929 904 985 Hs.
1010 932 1083 984 22
1134 928 1258 983 hier
1313 925 1461 983 fehlt
1505 925 1611 982 tibi
1662 926 1721 981 in
1757 926 1860 981 der
1895 926 1994 981 Hs.
2091 925 2190 980 Die
2231 924 2638 980 Schlussverse
2676 924 2779 983 der

163 1018 456 1089 Strophen
491 1018 618 1073 sind
649 1033 752 1071 ans
789 1016 896 1071 den
933 1013 1239 1086 Anfangen
1276 1012 1492 1070 alteret
1529 1012 1781 1085 Hymnen
1820 998 2087 1069 entlehnt.
2127 1011 2232 1067 No.
2270 1014 2357 1082 62,
2396 1014 2450 1080 1.
2480 1010 2585 1066 No.
2621 1010 2709 1079 70,
2732 1009 2780 1064 1.

165 1105 276 1164 No.
316 1107 469 1175 1097,
507 1108 556 1159 1.
625 1104 821 1160 Daniel
849 1106 899 1172 1,
933 1103 1056 1158 180.
1109 1102 1217 1157 No.
1250 1102 1335 1156 34.
1365 1100 1487 1155 251.
1524 1102 1611 1154 73.

1032 1453 1253 1527 1069.
1323 1452 1441 1523 De
1493 1401 1549 1524 s.
1599 1451 1937 1523 Martino.

170 1696 469 1763 Bellator
512 1694 707 1759 armis
748 1693 1007 1758 inclitus

172 1798 497 1866 Martinus
545 1803 694 1860 actu
737 1795 1002 1876 nobilis,

176 1920 324 1985 quae
369 1899 650 1983 gesserit
692 1897 1049 1978 miraculis,
1138 1940 1145 1947 -

174 2002 433 2085 hymnis
479 2020 784 2067 canamus
827 2000 1078 2066 debitis.

178 2190 299 2270 Qui
343 2190 609 2272 trigoris
655 2191 777 2253 sub
824 2197 1116 2272 tempore
1385 2191 1423 2251 5

178 2292 328 2356 dum
373 2288 718 2372 chlamyde
763 2289 1001 2352 nudum
1047 2289 1232 2372 tegit,

174 2411 329 2459 mox
373 2390 666 2457 Christus
701 2392 876 2473 ipsa,
922 2410 1111 2472 quam
1157 2390 1381 2471 scidit,

175 2516 251 2562 se
297 2503 481 2560 veste
527 2502 764 2561 tectum
809 2494 1112 2579 prodidit.

174 2684 340 2750 Tres
386 2690 528 2748 arte
576 2680 803 2747 sancta
845 2682 1125 2766 pallidos

175 2787 590 2853 resuscitavit
632 2793 922 2851 mortuos
942 2832 962 2868 ,
1345 2788 1425 2850 10

177 2891 268 2957 de
312 2891 497 2954 febre
545 2890 1070 2955 catechumenum

178 3001 256 3058 et
305 2994 577 3057 alterum
622 2990 988 3076 suspendio.

176 3182 506 3251 Orationis
550 3183 791 3248 ambitu

172 3290 349 3354 latro
394 3288 682 3371 sepultus
724 3284 1055 3369 proditur,

173 3411 308 3475 qua
352 3406 481 3454 non
528 3387 1117 3475 cadebat—impetu,
1344 3386 1424 3448 15

169 3492 366 3577 pinus
411 3489 661 3554 reflexa
705 3488 973 3554 ducitur.

1527 1689 1812 1755 Profana
1868 1687 2017 1752 dum
2062 1686 2518 1768 succenderet,

1530 1797 1686 1856 aere
1731 1790 2050 1855 flammam
2094 1791 2412 1873 reppulit,

1531 1912 1660 1977 quo
1705 1894 1991 1958 extincta
2035 1899 2182 1955 sunt
2226 1891 2557 1971 incendia,

1528 1995 1751 2061 imbris
1794 1993 1913 2058 fuit
1955 1993 2325 2078 praesentia.
2694 1991 2779 2053 20

1528 2186 1818 2252 Humore
1864 2183 1948 2247 de
1991 2181 2287 2266 paralysi

1531 2297 1715 2357 curat
1759 2288 2042 2373 puellam
2087 2286 2366 2351 debilem

1510 2397 1864 2477 ‚morbique
1909 2395 2070 2458 rasit
2114 2393 2397 2457 fomitem

1532 2500 1738 2564 sancti
1785 2497 2057 2580 liquoris
2103 2495 2403 2579 unguine.

1531 2689 1769 2755 Pacem
1802 2688 2069 2772 leproso
2116 2686 2281 2752 dans
2323 2686 2468 2749 viro
2696 2683 2780 2746 25

1532 2790 1765 2857 sordes
1811 2789 2066 2872 fugavit
2108 2788 2397 2853 ulcerum

1531 2901 1597 2958 et
1646 2891 1819 2975 quod
1862 2879 2117 2955 lavaret
2161 2889 2525 2970 morbidos,

1531 2992 1840 3059 Jordanis
1887 2999 1989 3056 est
2030 2992 2097 3054 in
2143 2991 2385 3056 osculo.

1530 3182 1649 3249 His
1696 3189 1762 3245 et
1803 3200 1926 3264 per
1970 3180 2194 3243 orbem
2241 3177 2517 3259 cognitis
2583 3263 2588 3266 ἤ

1530 3284 1900 3367 ingentibus
1929 3281 2268 3351 miraculis
2695 3277 2780 3345 30

1531 3404 1881 3473 possessor
1927 3387 2044 3451 alti
2089 3386 2353 3469 spiritus

1530 3509 1702 3555 nunc
1746 3495 1983 3572 regnat
2023 3489 2090 3551 in
2137 3483 2524 3552 coelestibus.

353 3690 446 3745 Hs.
482 3706 551 3743 zu
580 3687 894 3743 Karlsruhe
943 3705 993 3744 o.
1030 3689 1137 3744 No.
1179 3691 1248 3760 14
1280 3690 1481 3746 Jahrb.
1531 3690 1620 3745 Bl.
1653 3691 1738 3744 40.
1786 3689 1887 3744 mit
1934 3688 2035 3743 der
2070 3688 2311 3745 Melodie
2364 3688 2481 3762 (K)
2538 3686 2650 3744 und
2677 3687 2782 3742 -bei

168 3778 366 3835 namet
402 3780 451 3845 1,
483 3777 587 3830 105
625 3776 762 3845 (D),
797 3776 1050 3831 welcher
1085 3776 1270 3832 dieses
1307 3776 1445 3831 Lied
1478 3774 1574 3833 fiir
1610 3776 1793 3833 selten
1829 3778 1970 3833 halt.

2043 3777 2140 3833 Hs.
2176 3793 2246 3831 zu
2281 3772 2641 3831 Lichtenthal
2681 3772 2782 3828 des

168 3867 245 3920 13
277 3864 474 3921 Jahrb.
513 3863 636 3931 (L).
707 3862 810 3916 Bei
847 3863 1078 3918 Thomas.
1113 3879 1167 3933 p.
1192 3864 1300 3918 398
1337 3864 1463 3935 (Τ).
1533 3864 1640 3925 Ein
1675 3865 1820 3920 altes
1854 3863 2007 3933 Lied,
2047 3864 2187 3919 aber
2221 3862 2379 3919 nicht
2410 3879 2480 3918 so
2515 3859 2784 3916 meti-isch

166 3952 399 4025 richtig,
437 3950 550 4005 wie
587 3949 689 4004 das
725 3945 1008 4019 folgende.

350 4089 415 4141 11
455 4087 893 4144 cathecuminum
929 4086 1038 4142 ΚΒ.
1148 4090 1216 4142 12
1252 4088 1608 4158 suspendium
1644 4088 1710 4143 K.
1819 4089 1889 4142 16
1925 4087 2128 4141 dieitur
2163 4086 2233 4141 K.
2336 4086 2404 4140 18
2438 4084 2496 4138 in
2532 4081 2677 4139 fehlt
2709 4082 2773 4150 Τ,

169 4188 309 4230 aere
350 4174 417 4243 T,
451 4175 510 4228 in
545 4191 647 4230 ara
685 4175 797 4244 KL,
834 4190 973 4230 aera
1006 4175 1073 4244 D,
1108 4173 1201 4229 bei
1236 4174 1413 4245 Σαίρει.
1447 4176 1631 4232 Sever.
1670 4175 1737 4229 de
1772 4175 1894 4229 vita
1929 4190 1974 4228 s.
2012 4173 2241 4229 Martini
2277 4186 2326 4226 c.
2363 4174 2445 4225 14.
2480 4169 2570 4223 vis
2603 4167 2776 4223 venti.

166 4262 243 4317 20
276 4261 456 4316 imber
491 4261 551 4317 Τ.
637 4265 704 4317 21
742 4263 940 4318 besser
974 4261 1283 4335 paralysis.
1349 4264 1421 4315 27
1455 4262 1766 4318 morbidum
1797 4263 1862 4331 D,
1901 4277 2046 4333 quos
2082 4260 2143 4315 Τ.
2212 4259 2285 4314 29
2319 4257 2535 4314 hisdem
2572 4255 2635 4312 Τ.

350 4431 453 4488 Εἰιι
490 4431 757 4504 anderes,
810 4432 1090 4490 ebent'alls
1127 4434 1273 4491 altes
1312 4434 1448 4491 Lied
1483 4432 1591 4491 auf
1617 4434 1807 4490 diesen
1842 4433 2101 4505 Heiligen
2137 4432 2288 4488 steht
2323 4385 2398 4486 im
2431 4426 2774 4501 Hymnarius

172 4533 292 4573 von
326 4519 497 4575 Basel
534 4535 586 4574 v.
625 4521 780 4574 1504.
821 4519 863 4575 f.
899 4523 981 4576 61.
1029 4522 1130 4578 mit
1165 4522 1288 4578 dem
1322 4520 1576 4594 Anfang:
1640 4522 1724 4576 En
1761 4521 2109 4594 gratulemur
2145 4519 2379 4591 spiritu,
2440 4518 2554 4574 und
2588 4516 2647 4572 in
2681 4516 2784 4572 der

171 4603 382 4678 Expos.
417 4606 605 4678 hymn.
644 4606 840 4664 Golon.
877 4609 1035 4663 1492.
1069 4606 1110 4663 f.
1146 4610 1231 4664 56.
1298 4609 1494 4666 Daniel
1526 4612 1576 4679 1,
1612 4608 1721 4663 260
1755 4607 1880 4678 gibt
1915 4607 2120 4663 davon.
2141 4607 2248 4662 den
2283 4601 2527 4678 Anfang.
