<?xml version="1.0" encoding="UTF-8"?>
<!DOCTYPE html PUBLIC "-//W3C//DTD XHTML 1.0 Transitional//EN"
    "http://www.w3.org/TR/xhtml1/DTD/xhtml1-transitional.dtd">
<html xmlns="http://www.w3.org/1999/xhtml" xml:lang="en" lang="en">
 <head>
  <title>
</title>
<meta http-equiv="Content-Type" content="text/html;charset=utf-8" />
  <meta name='ocr-system' content='tesseract 3.04.00' />
  <meta name='ocr-capabilities' content='ocr_page ocr_carea ocr_par ocr_line ocrx_word'/>
</head>
<body>
  <div class='ocr_page' id='page_1' title='image "./lateinischehymn04monegoog_0048.png"; bbox 0 0 3175 5234; ppageno 0'>
   <div class='ocr_carea' id='block_1_1' title="bbox 357 249 447 315">
    <p class='ocr_par' dir='ltr' id='par_1_1' title="bbox 357 249 447 315">
     <span class='ocr_line' id='line_1_1' title="bbox 357 249 447 315; baseline 0 0"><span class='ocrx_word' id='word_1_1' title='bbox 357 249 447 315; x_wconf 81' lang='lat'><strong>28</strong></span> 
     </span>
    </p>
   </div>
   <div class='ocr_carea' id='block_1_2' title="bbox 359 428 2982 2317">
    <p class='ocr_par' dir='ltr' id='par_1_2' title="bbox 361 428 2447 519">
     <span class='ocr_line' id='line_1_2' title="bbox 361 428 2447 519; baseline -0.007 -13"><span class='ocrx_word' id='word_1_2' title='bbox 361 441 461 506; x_wconf 79' lang='lat' dir='ltr'><strong>Tu</strong></span> <span class='ocrx_word' id='word_1_3' title='bbox 502 438 863 505; x_wconf 80' lang='lat' dir='ltr'><strong>fecundasti</strong></span> <span class='ocrx_word' id='word_1_4' title='bbox 907 437 1258 519; x_wconf 80' lang='lat' dir='ltr'><strong>virginem,</strong></span> <span class='ocrx_word' id='word_1_5' title='bbox 1569 436 1608 494; x_wconf 85' lang='lat'>5</span> <span class='ocrx_word' id='word_1_6' title='bbox 1714 429 2102 495; x_wconf 74' lang='lat' dir='ltr'><strong>Ductoribus</strong></span> <span class='ocrx_word' id='word_1_7' title='bbox 2147 428 2447 493; x_wconf 77' lang='lat' dir='ltr'><strong>ecclesiae</strong></span> 
     </span>
    </p>

    <p class='ocr_par' dir='ltr' id='par_1_3' title="bbox 360 530 2526 617">
     <span class='ocr_line' id='line_1_3' title="bbox 360 530 2526 617; baseline -0.005 -11"><span class='ocrx_word' id='word_1_8' title='bbox 360 548 434 606; x_wconf 86' lang='lat' dir='ltr'><strong>ut</strong></span> <span class='ocrx_word' id='word_1_9' title='bbox 477 557 714 605; x_wconf 86' lang='lat' dir='ltr'><strong>novum</strong></span> <span class='ocrx_word' id='word_1_10' title='bbox 759 538 963 602; x_wconf 82' lang='lat' dir='ltr'><strong>ferret</strong></span> <span class='ocrx_word' id='word_1_11' title='bbox 1008 535 1324 600; x_wconf 88' lang='lat' dir='ltr'><strong>hominem</strong></span> <span class='ocrx_word' id='word_1_12' title='bbox 1341 582 1358 617; x_wconf 89' lang='lat'>,</span> <span class='ocrx_word' id='word_1_13' title='bbox 1716 530 1932 596; x_wconf 88' lang='lat' dir='ltr'><strong>dando</strong></span> <span class='ocrx_word' id='word_1_14' title='bbox 1975 532 2189 595; x_wconf 90' lang='lat' dir='ltr'><strong>lumen</strong></span> <span class='ocrx_word' id='word_1_15' title='bbox 2237 531 2526 596; x_wconf 72' lang='lat' dir='ltr'><strong>scientiae</strong></span> 
     </span>
    </p>

    <p class='ocr_par' dir='ltr' id='par_1_4' title="bbox 363 631 2434 726">
     <span class='ocr_line' id='line_1_4' title="bbox 363 631 2434 726; baseline -0.007 -18"><span class='ocrx_word' id='word_1_16' title='bbox 363 644 474 726; x_wconf 86' lang='lat' dir='ltr'><strong>qui</strong></span> <span class='ocrx_word' id='word_1_17' title='bbox 516 660 634 706; x_wconf 91' lang='lat' dir='ltr'><strong>sua</strong></span> <span class='ocrx_word' id='word_1_18' title='bbox 679 640 1000 725; x_wconf 77' lang='lat' dir='ltr'><strong>sapientia</strong></span> <span class='ocrx_word' id='word_1_19' title='bbox 1716 631 2161 697; x_wconf 77' lang='lat' dir='ltr'><strong>exterminasti</strong></span> <span class='ocrx_word' id='word_1_20' title='bbox 2203 633 2434 696; x_wconf 87' lang='lat' dir='ltr'><strong>noxias</strong></span> 
     </span>
    </p>

    <p class='ocr_par' dir='ltr' id='par_1_5' title="bbox 359 734 2973 1119">
     <span class='ocr_line' id='line_1_5' title="bbox 364 734 2535 810; baseline -0.006 0"><span class='ocrx_word' id='word_1_21' title='bbox 364 745 662 810; x_wconf 83' lang='lat' dir='ltr'><strong>dissolvit</strong></span> <span class='ocrx_word' id='word_1_22' title='bbox 703 745 928 810; x_wconf 88' lang='lat' dir='ltr'><strong>mortis</strong></span> <span class='ocrx_word' id='word_1_23' title='bbox 972 741 1248 807; x_wconf 83' lang='lat' dir='ltr'><strong>vincula.</strong></span> <span class='ocrx_word' id='word_1_24' title='bbox 1716 734 2169 800; x_wconf 84' lang='lat' dir='ltr'><strong>haereticorum</strong></span> <span class='ocrx_word' id='word_1_25' title='bbox 2212 736 2535 799; x_wconf 78' lang='lat' dir='ltr'><strong>tenebras.</strong></span> 
     </span>
     <span class='ocr_line' id='line_1_6' title="bbox 359 923 2973 1018; baseline -0.006 -20"><span class='ocrx_word' id='word_1_26' title='bbox 359 930 831 1018; x_wconf 83' lang='lat' dir='ltr'><strong>Apostolorum</strong></span> <span class='ocrx_word' id='word_1_27' title='bbox 866 938 1140 1016; x_wconf 75' lang='lat' dir='ltr'><strong>pectora</strong></span> <span class='ocrx_word' id='word_1_28' title='bbox 1717 923 1905 988; x_wconf 88' lang='lat' dir='ltr'><strong>Nunc</strong></span> <span class='ocrx_word' id='word_1_29' title='bbox 1946 924 2208 1006; x_wconf 84' lang='lat' dir='ltr'><strong>pietatis</strong></span> <span class='ocrx_word' id='word_1_30' title='bbox 2253 924 2470 988; x_wconf 92' lang='lat' dir='ltr'><strong>oleum</strong></span> <span class='ocrx_word' id='word_1_31' title='bbox 2891 928 2973 990; x_wconf 82' lang='lat'><strong>25</strong></span> 
     </span>
     <span class='ocr_line' id='line_1_7' title="bbox 363 1023 2573 1119; baseline -0.005 -18"><span class='ocrx_word' id='word_1_32' title='bbox 363 1045 478 1101; x_wconf 89' lang='lat' dir='ltr'><strong>tua</strong></span> <span class='ocrx_word' id='word_1_33' title='bbox 518 1035 791 1119; x_wconf 84' lang='lat' dir='ltr'><strong>replesti</strong></span> <span class='ocrx_word' id='word_1_34' title='bbox 832 1036 1048 1118; x_wconf 77' lang='lat' dir='ltr'><strong>gratia</strong></span> <span class='ocrx_word' id='word_1_35' title='bbox 1063 1083 1081 1117; x_wconf 92' lang='lat'>,</span> <span class='ocrx_word' id='word_1_36' title='bbox 1532 1033 1614 1096; x_wconf 85' lang='grc'><strong>10</strong></span> <span class='ocrx_word' id='word_1_37' title='bbox 1718 1023 1905 1089; x_wconf 91' lang='lat' dir='ltr'><strong>nobis</strong></span> <span class='ocrx_word' id='word_1_38' title='bbox 1950 1030 2053 1087; x_wconf 87' lang='lat' dir='ltr'><strong>est</strong></span> <span class='ocrx_word' id='word_1_39' title='bbox 2093 1024 2538 1089; x_wconf 88' lang='lat' dir='ltr'><strong>necessarium</strong></span> <span class='ocrx_word' id='word_1_40' title='bbox 2555 1071 2573 1107; x_wconf 84' lang='lat'>‚</span> 
     </span>
    </p>

    <p class='ocr_par' dir='ltr' id='par_1_6' title="bbox 361 1125 2711 1324">
     <span class='ocr_line' id='line_1_8' title="bbox 361 1125 2711 1223; baseline -0.003 -24"><span class='ocrx_word' id='word_1_41' title='bbox 361 1147 437 1205; x_wconf 81' lang='lat' dir='ltr'><strong>ut</strong></span> <span class='ocrx_word' id='word_1_42' title='bbox 477 1139 544 1203; x_wconf 87' lang='lat' dir='ltr'><strong>in</strong></span> <span class='ocrx_word' id='word_1_43' title='bbox 588 1139 924 1223; x_wconf 78' lang='lat' dir='ltr'><strong>scripturis</strong></span> <span class='ocrx_word' id='word_1_44' title='bbox 963 1137 1240 1221; x_wconf 75' lang='lat' dir='ltr'><strong>mystica</strong></span> <span class='ocrx_word' id='word_1_45' title='bbox 1722 1125 1896 1209; x_wconf 89' lang='lat' dir='ltr'><strong>quod</strong></span> <span class='ocrx_word' id='word_1_46' title='bbox 1938 1134 2009 1190; x_wconf 93' lang='lat' dir='ltr'><strong>ut</strong></span> <span class='ocrx_word' id='word_1_47' title='bbox 2051 1128 2426 1210; x_wconf 77' lang='lat' dir='ltr'><strong>pectoribus</strong></span> <span class='ocrx_word' id='word_1_48' title='bbox 2471 1129 2711 1193; x_wconf 85' lang='lat' dir='ltr'><strong>nostris</strong></span> 
     </span>
     <span class='ocr_line' id='line_1_9' title="bbox 363 1229 2637 1324; baseline -0.005 -16"><span class='ocrx_word' id='word_1_49' title='bbox 363 1249 633 1308; x_wconf 83' lang='lat' dir='ltr'><strong>nossent</strong></span> <span class='ocrx_word' id='word_1_50' title='bbox 676 1239 918 1306; x_wconf 82' lang='lat' dir='ltr'><strong>Christi</strong></span> <span class='ocrx_word' id='word_1_51' title='bbox 959 1241 1306 1324; x_wconf 82' lang='lat' dir='ltr'><strong>magnalia.</strong></span> <span class='ocrx_word' id='word_1_52' title='bbox 1719 1229 1908 1312; x_wconf 74' lang='lat' dir='ltr'><strong>large</strong></span> <span class='ocrx_word' id='word_1_53' title='bbox 1949 1229 2280 1312; x_wconf 73' lang='lat' dir='ltr'><strong>infundas,</strong></span> <span class='ocrx_word' id='word_1_54' title='bbox 2327 1232 2637 1314; x_wconf 81' lang='lat' dir='ltr'><strong>petimus,</strong></span> 
     </span>
    </p>

    <p class='ocr_par' dir='ltr' id='par_1_7' title="bbox 366 1416 2344 1511">
     <span class='ocr_line' id='line_1_10' title="bbox 366 1416 2344 1511; baseline -0.008 -15"><span class='ocrx_word' id='word_1_55' title='bbox 366 1430 467 1496; x_wconf 82' lang='lat' dir='ltr'><strong>De</strong></span> <span class='ocrx_word' id='word_1_56' title='bbox 510 1437 620 1495; x_wconf 91' lang='lat' dir='ltr'><strong>tuo</strong></span> <span class='ocrx_word' id='word_1_57' title='bbox 665 1438 768 1493; x_wconf 91' lang='lat' dir='ltr'><strong>est</strong></span> <span class='ocrx_word' id='word_1_58' title='bbox 811 1429 1110 1511; x_wconf 89' lang='lat' dir='ltr'><strong>consilio,</strong></span> <span class='ocrx_word' id='word_1_59' title='bbox 1721 1416 1822 1481; x_wconf 91' lang='lat' dir='ltr'><strong>Ne</strong></span> <span class='ocrx_word' id='word_1_60' title='bbox 1865 1417 1931 1480; x_wconf 89' lang='lat' dir='ltr'><strong>in</strong></span> <span class='ocrx_word' id='word_1_61' title='bbox 1972 1416 2078 1480; x_wconf 92' lang='lat' dir='ltr'><strong>die</strong></span> <span class='ocrx_word' id='word_1_62' title='bbox 2114 1416 2344 1500; x_wconf 87' lang='lat' dir='ltr'><strong>judicii</strong></span> 
     </span>
    </p>

    <p class='ocr_par' dir='ltr' id='par_1_8' title="bbox 366 1518 2982 1720">
     <span class='ocr_line' id='line_1_11' title="bbox 366 1518 2982 1616; baseline -0.004 -20"><span class='ocrx_word' id='word_1_63' title='bbox 366 1532 546 1616; x_wconf 85' lang='lat' dir='ltr'><strong>quod</strong></span> <span class='ocrx_word' id='word_1_64' title='bbox 587 1540 820 1615; x_wconf 76' lang='lat' dir='ltr'><strong>gentes</strong></span> <span class='ocrx_word' id='word_1_65' title='bbox 863 1532 971 1597; x_wconf 88' lang='lat' dir='ltr'><strong>dei</strong></span> <span class='ocrx_word' id='word_1_66' title='bbox 1014 1532 1151 1598; x_wconf 87' lang='lat' dir='ltr'><strong>filio</strong></span> <span class='ocrx_word' id='word_1_67' title='bbox 1722 1527 1962 1585; x_wconf 65' lang='lat' dir='ltr'><strong>stemus</strong></span> <span class='ocrx_word' id='word_1_68' title='bbox 2008 1538 2153 1584; x_wconf 75' lang='lat' dir='ltr'><strong>cum</strong></span> <span class='ocrx_word' id='word_1_69' title='bbox 2195 1518 2409 1583; x_wconf 76' lang='lat' dir='ltr'><strong>servis</strong></span> <span class='ocrx_word' id='word_1_70' title='bbox 2453 1519 2711 1604; x_wconf 80' lang='lat' dir='ltr'><strong>pavidi,</strong></span> <span class='ocrx_word' id='word_1_71' title='bbox 2889 1522 2982 1586; x_wconf 84' lang='grc'><strong>30</strong></span> 
     </span>
     <span class='ocr_line' id='line_1_12' title="bbox 367 1622 2581 1720; baseline -0.005 -21"><span class='ocrx_word' id='word_1_72' title='bbox 367 1653 602 1720; x_wconf 76' lang='lat' dir='ltr'><strong>gressu</strong></span> <span class='ocrx_word' id='word_1_73' title='bbox 643 1636 1081 1720; x_wconf 81' lang='lat' dir='ltr'><strong>propinquant</strong></span> <span class='ocrx_word' id='word_1_74' title='bbox 1125 1635 1277 1701; x_wconf 79' lang='lat' dir='ltr'><strong>fidei</strong></span> <span class='ocrx_word' id='word_1_75' title='bbox 1295 1683 1313 1719; x_wconf 84' lang='lat'>‚</span> <span class='ocrx_word' id='word_1_76' title='bbox 1537 1637 1619 1698; x_wconf 85' lang='lat'><strong>15</strong></span> <span class='ocrx_word' id='word_1_77' title='bbox 1722 1624 1842 1689; x_wconf 93' lang='lat' dir='ltr'><strong>sed</strong></span> <span class='ocrx_word' id='word_1_78' title='bbox 1887 1625 2077 1688; x_wconf 91' lang='lat' dir='ltr'><strong>timor</strong></span> <span class='ocrx_word' id='word_1_79' title='bbox 2122 1629 2386 1689; x_wconf 84' lang='lat' dir='ltr'><strong>sanctus</strong></span> <span class='ocrx_word' id='word_1_80' title='bbox 2431 1622 2581 1688; x_wconf 87' lang='lat' dir='ltr'><strong>filiis</strong></span> 
     </span>
    </p>

    <p class='ocr_par' dir='ltr' id='par_1_9' title="bbox 368 1726 2586 1823">
     <span class='ocr_line' id='line_1_13' title="bbox 368 1726 2586 1823; baseline -0.005 -20"><span class='ocrx_word' id='word_1_81' title='bbox 368 1757 559 1821; x_wconf 85' lang='lat' dir='ltr'><strong>quem</strong></span> <span class='ocrx_word' id='word_1_82' title='bbox 604 1739 982 1823; x_wconf 87' lang='lat' dir='ltr'><strong>repulerunt</strong></span> <span class='ocrx_word' id='word_1_83' title='bbox 1025 1738 1259 1805; x_wconf 78' lang='lat' dir='ltr'><strong>Judaei,</strong></span> <span class='ocrx_word' id='word_1_84' title='bbox 1552 1757 1556 1761; x_wconf 53' lang='lat'><strong>⁴</strong></span> <span class='ocrx_word' id='word_1_85' title='bbox 1713 1728 1955 1813; x_wconf 77' lang='lat' dir='ltr'><strong>jungat</strong></span> <span class='ocrx_word' id='word_1_86' title='bbox 1997 1746 2117 1792; x_wconf 89' lang='lat' dir='ltr'><strong>nos</strong></span> <span class='ocrx_word' id='word_1_87' title='bbox 2165 1726 2586 1793; x_wconf 83' lang='lat' dir='ltr'><strong>electissimis.</strong></span> 
     </span>
    </p>

    <p class='ocr_par' dir='ltr' id='par_1_10' title="bbox 368 1919 2559 2009">
     <span class='ocr_line' id='line_1_14' title="bbox 368 1919 2559 2009; baseline -0.003 -18"><span class='ocrx_word' id='word_1_88' title='bbox 368 1926 469 1991; x_wconf 82' lang='lat' dir='ltr'><strong>Tu</strong></span> <span class='ocrx_word' id='word_1_89' title='bbox 508 1926 838 1992; x_wconf 86' lang='lat' dir='ltr'><strong>roborasti</strong></span> <span class='ocrx_word' id='word_1_90' title='bbox 873 1933 1199 2009; x_wconf 81' lang='lat' dir='ltr'><strong>martyres</strong></span> <span class='ocrx_word' id='word_1_91' title='bbox 1721 1919 1824 1986; x_wconf 89' lang='lat' dir='ltr'><strong>Sit</strong></span> <span class='ocrx_word' id='word_1_92' title='bbox 1866 1921 1983 1987; x_wconf 89' lang='lat' dir='ltr'><strong>tibi</strong></span> <span class='ocrx_word' id='word_1_93' title='bbox 2026 1921 2167 1986; x_wconf 92' lang='lat' dir='ltr'><strong>laus</strong></span> <span class='ocrx_word' id='word_1_94' title='bbox 2212 1921 2527 2006; x_wconf 85' lang='lat' dir='ltr'><strong>paraclite</strong></span> <span class='ocrx_word' id='word_1_95' title='bbox 2542 1967 2559 2001; x_wconf 90' lang='lat'><strong>,</strong></span> 
     </span>
    </p>

    <p class='ocr_par' dir='ltr' id='par_1_11' title="bbox 367 2004 2580 2112">
     <span class='ocr_line' id='line_1_15' title="bbox 367 2004 2580 2112; baseline -0.003 -19"><span class='ocrx_word' id='word_1_96' title='bbox 367 2033 595 2093; x_wconf 88' lang='lat' dir='ltr'><strong>contra</strong></span> <span class='ocrx_word' id='word_1_97' title='bbox 640 2035 905 2093; x_wconf 88' lang='lat' dir='ltr'><strong>cunctas</strong></span> <span class='ocrx_word' id='word_1_98' title='bbox 949 2004 1332 2112; x_wconf 82' lang='lat' dir='ltr'><strong>tyrannides</strong></span> <span class='ocrx_word' id='word_1_99' title='bbox 1719 2026 1865 2089; x_wconf 82' lang='lat' dir='ltr'><strong>fons</strong></span> <span class='ocrx_word' id='word_1_100' title='bbox 1905 2025 2311 2090; x_wconf 83' lang='lat' dir='ltr'><strong>multiformis</strong></span> <span class='ocrx_word' id='word_1_101' title='bbox 2348 2024 2580 2107; x_wconf 81' lang='lat' dir='ltr'><strong>gratiae</strong></span> 
     </span>
    </p>

    <p class='ocr_par' dir='ltr' id='par_1_12' title="bbox 365 2125 2980 2317">
     <span class='ocr_line' id='line_1_16' title="bbox 365 2125 2980 2215; baseline -0.002 -20"><span class='ocrx_word' id='word_1_102' title='bbox 365 2131 550 2196; x_wconf 89' lang='lat' dir='ltr'><strong>istius</strong></span> <span class='ocrx_word' id='word_1_103' title='bbox 593 2130 813 2196; x_wconf 90' lang='lat' dir='ltr'><strong>mundi</strong></span> <span class='ocrx_word' id='word_1_104' title='bbox 856 2131 1248 2215; x_wconf 90' lang='lat' dir='ltr'><strong>principum,</strong></span> <span class='ocrx_word' id='word_1_105' title='bbox 1720 2126 1805 2191; x_wconf 94' lang='lat' dir='ltr'><strong>de</strong></span> <span class='ocrx_word' id='word_1_106' title='bbox 1849 2145 2094 2191; x_wconf 91' lang='lat' dir='ltr'><strong>summo</strong></span> <span class='ocrx_word' id='word_1_107' title='bbox 2135 2134 2328 2211; x_wconf 84' lang='lat' dir='ltr'><strong>patre</strong></span> <span class='ocrx_word' id='word_1_108' title='bbox 2374 2135 2441 2190; x_wconf 92' lang='lat' dir='ltr'><strong>et</strong></span> <span class='ocrx_word' id='word_1_109' title='bbox 2484 2125 2619 2190; x_wconf 88' lang='lat' dir='ltr'><strong>filio</strong></span> <span class='ocrx_word' id='word_1_110' title='bbox 2892 2127 2980 2190; x_wconf 78' lang='lat'><strong>35</strong></span> 
     </span>
     <span class='ocr_line' id='line_1_17' title="bbox 365 2228 2553 2317; baseline -0.002 -22"><span class='ocrx_word' id='word_1_111' title='bbox 365 2231 595 2297; x_wconf 85' lang='lat' dir='ltr'><strong>fideles</strong></span> <span class='ocrx_word' id='word_1_112' title='bbox 637 2232 1178 2317; x_wconf 87' lang='lat' dir='ltr'><strong>persequentium.</strong></span> <span class='ocrx_word' id='word_1_113' title='bbox 1529 2231 1615 2293; x_wconf 85' lang='lat'><strong>20</strong></span> <span class='ocrx_word' id='word_1_114' title='bbox 1718 2228 2099 2313; x_wconf 86' lang='lat' dir='ltr'><strong>procedenti</strong></span> <span class='ocrx_word' id='word_1_115' title='bbox 2144 2238 2211 2293; x_wconf 92' lang='lat' dir='ltr'><strong>et</strong></span> <span class='ocrx_word' id='word_1_116' title='bbox 2251 2229 2553 2293; x_wconf 86' lang='lat' dir='ltr'><strong>mananti.</strong></span> 
     </span>
    </p>
   </div>
   <div class='ocr_carea' id='block_1_3' title="bbox 542 2415 1672 2474">
    <p class='ocr_par' dir='ltr' id='par_1_13' title="bbox 542 2415 1672 2474">
     <span class='ocr_line' id='line_1_18' title="bbox 542 2415 1672 2474; baseline -0.002 -1"><span class='ocrx_word' id='word_1_117' title='bbox 542 2417 640 2473; x_wconf 69' lang='lat'><strong>11⁶.</strong></span> <span class='ocrx_word' id='word_1_118' title='bbox 674 2433 746 2471; x_wconf 76' lang='lat' dir='ltr'><strong>zu</strong></span> <span class='ocrx_word' id='word_1_119' title='bbox 784 2415 1032 2472; x_wconf 83' lang='lat' dir='ltr'><strong>Admont</strong></span> <span class='ocrx_word' id='word_1_120' title='bbox 1066 2417 1171 2471; x_wconf 91' lang='lat' dir='ltr'><strong>No.</strong></span> <span class='ocrx_word' id='word_1_121' title='bbox 1207 2420 1329 2474; x_wconf 72' lang='lat'><strong>675.</strong></span> <span class='ocrx_word' id='word_1_122' title='bbox 1371 2419 1437 2471; x_wconf 80' lang='lat'><strong>12</strong></span> <span class='ocrx_word' id='word_1_123' title='bbox 1476 2416 1672 2473; x_wconf 79' lang='lat' dir='ltr'><strong>Jahrb.</strong></span> 
     </span>
    </p>
   </div>
   <div class='ocr_carea' id='block_1_4' title="bbox 365 2536 2983 2960">
    <p class='ocr_par' dir='ltr' id='par_1_14' title="bbox 365 2536 2983 2960">
     <span class='ocr_line' id='line_1_19' title="bbox 545 2536 2979 2610; baseline 0 -17"><span class='ocrx_word' id='word_1_124' title='bbox 545 2537 741 2593; x_wconf 82' lang='lat' dir='ltr'><strong>Dieses</strong></span> <span class='ocrx_word' id='word_1_125' title='bbox 776 2537 909 2592; x_wconf 80' lang='lat' dir='ltr'><strong>Lied</strong></span> <span class='ocrx_word' id='word_1_126' title='bbox 943 2540 1045 2593; x_wconf 85' lang='lat' dir='ltr'><strong>bat</strong></span> <span class='ocrx_word' id='word_1_127' title='bbox 1078 2538 1168 2592; x_wconf 88' lang='lat' dir='ltr'><strong>die</strong></span> <span class='ocrx_word' id='word_1_128' title='bbox 1193 2538 1780 2610; x_wconf 79' lang='lat' dir='ltr'><strong>Eigenthiimlicbkeit,</strong></span> <span class='ocrx_word' id='word_1_129' title='bbox 1818 2538 1949 2594; x_wconf 87' lang='lat' dir='ltr'><strong>dass</strong></span> <span class='ocrx_word' id='word_1_130' title='bbox 1986 2556 2048 2594; x_wconf 84' lang='lat' dir='ltr'><strong>es</strong></span> <span class='ocrx_word' id='word_1_131' title='bbox 2085 2539 2176 2593; x_wconf 88' lang='lat' dir='ltr'><strong>die</strong></span> <span class='ocrx_word' id='word_1_132' title='bbox 2209 2537 2505 2610; x_wconf 75' lang='lat' dir='ltr'><strong>Wirkung</strong></span> <span class='ocrx_word' id='word_1_133' title='bbox 2540 2536 2639 2592; x_wconf 85' lang='lat' dir='ltr'><strong>des</strong></span> <span class='ocrx_word' id='word_1_134' title='bbox 2665 2538 2719 2592; x_wconf 89' lang='grc'><strong>11.</strong></span> <span class='ocrx_word' id='word_1_135' title='bbox 2750 2537 2979 2594; x_wconf 83' lang='lat' dir='ltr'><strong>Geistes</strong></span> 
     </span>
     <span class='ocr_line' id='line_1_20' title="bbox 365 2622 2973 2697; baseline -0.002 -14"><span class='ocrx_word' id='word_1_136' title='bbox 365 2627 441 2683; x_wconf 88' lang='lat' dir='ltr'><strong>im</strong></span> <span class='ocrx_word' id='word_1_137' title='bbox 475 2641 657 2681; x_wconf 83' lang='lat' dir='ltr'><strong>neuen</strong></span> <span class='ocrx_word' id='word_1_138' title='bbox 694 2625 1049 2681; x_wconf 77' lang='lat' dir='ltr'><strong>Testamente</strong></span> <span class='ocrx_word' id='word_1_139' title='bbox 1083 2626 1461 2696; x_wconf 83' lang='lat' dir='ltr'><strong>hervorbebt,</strong></span> <span class='ocrx_word' id='word_1_140' title='bbox 1498 2642 1624 2682; x_wconf 80' lang='lat' dir='ltr'><strong>was</strong></span> <span class='ocrx_word' id='word_1_141' title='bbox 1660 2626 1720 2681; x_wconf 92' lang='lat' dir='ltr'><strong>in</strong></span> <span class='ocrx_word' id='word_1_142' title='bbox 1756 2626 1884 2681; x_wconf 80' lang='lat' dir='ltr'><strong>den&#39;</strong></span> <span class='ocrx_word' id='word_1_143' title='bbox 1901 2626 2114 2681; x_wconf 84' lang='lat' dir='ltr'><strong>andern</strong></span> <span class='ocrx_word' id='word_1_144' title='bbox 2145 2625 2387 2681; x_wconf 81' lang='lat' dir='ltr'><strong>Liedern</strong></span> <span class='ocrx_word' id='word_1_145' title='bbox 2423 2622 2530 2679; x_wconf 80' lang='lat' dir='ltr'><strong>auf</strong></span> <span class='ocrx_word' id='word_1_146' title='bbox 2556 2623 2670 2680; x_wconf 77' lang='lat' dir='ltr'><strong>alle</strong></span> <span class='ocrx_word' id='word_1_147' title='bbox 2704 2622 2973 2697; x_wconf 73' lang='lat' dir='ltr'><strong>Heiligen</strong></span> 
     </span>
     <span class='ocr_line' id='line_1_21' title="bbox 366 2708 2978 2785; baseline -0.001 -14"><span class='ocrx_word' id='word_1_148' title='bbox 366 2715 522 2771; x_wconf 74' lang='lat' dir='ltr'><strong>nicht</strong></span> <span class='ocrx_word' id='word_1_149' title='bbox 556 2712 891 2768; x_wconf 84' lang='lat' dir='ltr'><strong>vorkommt.</strong></span> <span class='ocrx_word' id='word_1_150' title='bbox 961 2712 1038 2768; x_wconf 75' lang='lat' dir='ltr'><strong>Es</strong></span> <span class='ocrx_word' id='word_1_151' title='bbox 1073 2713 1213 2784; x_wconf 76' lang='lat' dir='ltr'><strong>geht</strong></span> <span class='ocrx_word' id='word_1_152' title='bbox 1248 2713 1425 2768; x_wconf 86' lang='lat' dir='ltr'><strong>daber</strong></span> <span class='ocrx_word' id='word_1_153' title='bbox 1460 2714 1607 2769; x_wconf 83' lang='lat' dir='ltr'><strong>nach</strong></span> <span class='ocrx_word' id='word_1_154' title='bbox 1655 2712 1756 2768; x_wconf 85' lang='lat' dir='ltr'><strong>der</strong></span> <span class='ocrx_word' id='word_1_155' title='bbox 1794 2710 2196 2785; x_wconf 70' lang='lat' dir='ltr'><strong>Empfingniss</strong></span> <span class='ocrx_word' id='word_1_156' title='bbox 2246 2711 2439 2785; x_wconf 81' lang='lat' dir='ltr'><strong>gleicb</strong></span> <span class='ocrx_word' id='word_1_157' title='bbox 2474 2708 2581 2766; x_wconf 81' lang='lat' dir='ltr'><strong>auf</strong></span> <span class='ocrx_word' id='word_1_158' title='bbox 2606 2710 2697 2766; x_wconf 82' lang='lat' dir='ltr'><strong>die</strong></span> <span class='ocrx_word' id='word_1_159' title='bbox 2730 2711 2978 2783; x_wconf 72' lang='lat' dir='ltr'><strong>Apostel</strong></span> 
     </span>
     <span class='ocr_line' id='line_1_22' title="bbox 367 2797 2983 2872; baseline -0 -16"><span class='ocrx_word' id='word_1_160' title='bbox 367 2801 511 2856; x_wconf 80' lang='lat' dir='ltr'><strong>iiber</strong></span> <span class='ocrx_word' id='word_1_161' title='bbox 556 2798 668 2854; x_wconf 85' lang='lat' dir='ltr'><strong>und</strong></span> <span class='ocrx_word' id='word_1_162' title='bbox 715 2799 865 2854; x_wconf 85' lang='lat' dir='ltr'><strong>reibt</strong></span> <span class='ocrx_word' id='word_1_163' title='bbox 911 2814 985 2855; x_wconf 89' lang='lat' dir='ltr'><strong>an</strong></span> <span class='ocrx_word' id='word_1_164' title='bbox 1021 2799 1112 2854; x_wconf 86' lang='lat' dir='ltr'><strong>die</strong></span> <span class='ocrx_word' id='word_1_165' title='bbox 1148 2799 1414 2872; x_wconf 77' lang='lat' dir='ltr'><strong>Sendung</strong></span> <span class='ocrx_word' id='word_1_166' title='bbox 1461 2799 1560 2855; x_wconf 81' lang='lat' dir='ltr'><strong>des</strong></span> <span class='ocrx_word' id='word_1_167' title='bbox 1595 2801 1649 2855; x_wconf 88' lang='grc'><strong>11.</strong></span> <span class='ocrx_word' id='word_1_168' title='bbox 1684 2798 1903 2856; x_wconf 84' lang='lat' dir='ltr'><strong>Geistes</strong></span> <span class='ocrx_word' id='word_1_169' title='bbox 1951 2800 2041 2855; x_wconf 86' lang='lat' dir='ltr'><strong>die</strong></span> <span class='ocrx_word' id='word_1_170' title='bbox 2079 2799 2294 2856; x_wconf 81' lang='lat' dir='ltr'><strong>andern</strong></span> <span class='ocrx_word' id='word_1_171' title='bbox 2331 2798 2595 2871; x_wconf 77' lang='lat' dir='ltr'><strong>Heiligen</strong></span> <span class='ocrx_word' id='word_1_172' title='bbox 2630 2813 2704 2854; x_wconf 82' lang='lat' dir='ltr'><strong>an</strong></span> <span class='ocrx_word' id='word_1_173' title='bbox 2721 2838 2738 2868; x_wconf 88' lang='lat'><strong>,</strong></span> <span class='ocrx_word' id='word_1_174' title='bbox 2803 2797 2983 2855; x_wconf 76' lang='lat' dir='ltr'><strong>deren</strong></span> 
     </span>
     <span class='ocr_line' id='line_1_23' title="bbox 367 2885 1862 2960; baseline -0.001 -17"><span class='ocrx_word' id='word_1_175' title='bbox 367 2886 557 2944; x_wconf 81' lang='lat' dir='ltr'><strong>Leben</strong></span> <span class='ocrx_word' id='word_1_176' title='bbox 590 2885 702 2941; x_wconf 88' lang='lat' dir='ltr'><strong>und</strong></span> <span class='ocrx_word' id='word_1_177' title='bbox 738 2885 860 2942; x_wconf 85' lang='lat' dir='ltr'><strong>Tod</strong></span> <span class='ocrx_word' id='word_1_178' title='bbox 895 2901 1030 2943; x_wconf 83' lang='lat' dir='ltr'><strong>vom</strong></span> <span class='ocrx_word' id='word_1_179' title='bbox 1066 2888 1118 2941; x_wconf 85' lang='lat' dir='ltr'><strong>h.</strong></span> <span class='ocrx_word' id='word_1_180' title='bbox 1154 2886 1342 2944; x_wconf 84' lang='lat' dir='ltr'><strong>Geiste</strong></span> <span class='ocrx_word' id='word_1_181' title='bbox 1378 2885 1616 2960; x_wconf 75' lang='lat' dir='ltr'><strong>geleitet</strong></span> <span class='ocrx_word' id='word_1_182' title='bbox 1649 2887 1862 2942; x_wconf 83' lang='lat' dir='ltr'><strong>wurde.</strong></span> 
     </span>
    </p>
   </div>
   <div class='ocr_carea' id='block_1_5' title="bbox 544 3006 2880 3081">
    <p class='ocr_par' dir='ltr' id='par_1_15' title="bbox 544 3006 2880 3081">
     <span class='ocr_line' id='line_1_24' title="bbox 544 3006 2880 3081; baseline -0 -18"><span class='ocrx_word' id='word_1_183' title='bbox 544 3009 656 3064; x_wconf 82' lang='lat' dir='ltr'><strong>Der</strong></span> <span class='ocrx_word' id='word_1_184' title='bbox 690 3009 760 3064; x_wconf 84' lang='lat' dir='ltr'><strong>V.</strong></span> <span class='ocrx_word' id='word_1_185' title='bbox 796 3010 868 3064; x_wconf 78' lang='lat'><strong>35</strong></span> <span class='ocrx_word' id='word_1_186' title='bbox 902 3010 1098 3065; x_wconf 77' lang='lat' dir='ltr'><strong>wiirde</strong></span> <span class='ocrx_word' id='word_1_187' title='bbox 1137 3010 1334 3065; x_wconf 88' lang='lat' dir='ltr'><strong>besser</strong></span> <span class='ocrx_word' id='word_1_188' title='bbox 1368 3026 1437 3066; x_wconf 88' lang='lat' dir='ltr'><strong>so</strong></span> <span class='ocrx_word' id='word_1_189' title='bbox 1472 3010 1691 3066; x_wconf 84' lang='lat' dir='ltr'><strong>lauten:</strong></span> <span class='ocrx_word' id='word_1_190' title='bbox 1730 3009 1799 3064; x_wconf 89' lang='lat' dir='ltr'><strong>de</strong></span> <span class='ocrx_word' id='word_1_191' title='bbox 1835 3013 1999 3080; x_wconf 86' lang='lat' dir='ltr'><strong>patre</strong></span> <span class='ocrx_word' id='word_1_192' title='bbox 2033 3015 2202 3081; x_wconf 83' lang='lat' dir='ltr'><strong>atque</strong></span> <span class='ocrx_word' id='word_1_193' title='bbox 2236 3006 2377 3065; x_wconf 84' lang='lat' dir='ltr'><strong>filio.</strong></span> <span class='ocrx_word' id='word_1_194' title='bbox 2448 3009 2521 3064; x_wconf 80' lang='grc'><strong>36</strong></span> <span class='ocrx_word' id='word_1_195' title='bbox 2556 3012 2744 3079; x_wconf 84' lang='lat' dir='ltr'><strong>atque,</strong></span> <span class='ocrx_word' id='word_1_196' title='bbox 2779 3007 2880 3063; x_wconf 77' lang='lat' dir='ltr'><strong>Hs.</strong></span> 
     </span>
    </p>
   </div>
   <div class='ocr_carea' id='block_1_6' title="bbox 368 3111 2982 3553">
    <p class='ocr_par' dir='ltr' id='par_1_16' title="bbox 368 3111 2982 3361">
     <span class='ocr_line' id='line_1_25' title="bbox 551 3111 2980 3209; baseline 0.002 -25"><span class='ocrx_word' id='word_1_197' title='bbox 551 3130 616 3184; x_wconf 88' lang='lat' dir='ltr'><strong>V.</strong></span> <span class='ocrx_word' id='word_1_198' title='bbox 653 3133 688 3185; x_wconf 81' lang='lat'><strong>9</strong></span> <span class='ocrx_word' id='word_1_199' title='bbox 725 3128 820 3204; x_wconf 75' lang='lat' dir='ltr'><strong>fig.</strong></span> <span class='ocrx_word' id='word_1_200' title='bbox 873 3129 981 3186; x_wconf 71' lang='grc' dir='ltr'><strong>τῶν</strong></span> <span class='ocrx_word' id='word_1_201' title='bbox 1017 3129 1340 3189; x_wconf 72' lang='grc' dir='ltr'><strong><em>ἀποστόλων</em></strong></span> <span class='ocrx_word' id='word_1_202' title='bbox 1356 3111 1382 3200; x_wconf 26' lang='grc'><strong>,’</strong></span> <span class='ocrx_word' id='word_1_203' title='bbox 1435 3130 1606 3209; x_wconf 74' lang='grc' dir='ltr'><strong><em>κύριε,</em></strong></span> <span class='ocrx_word' id='word_1_204' title='bbox 1640 3134 1733 3187; x_wconf 80' lang='grc' dir='ltr'><strong>καὶ</strong></span> <span class='ocrx_word' id='word_1_205' title='bbox 1768 3129 2062 3208; x_wconf 75' lang='grc' dir='ltr'><strong>προφητῶν</strong></span> <span class='ocrx_word' id='word_1_206' title='bbox 2106 3135 2197 3187; x_wconf 74' lang='grc' dir='ltr'><strong>καὶ</strong></span> <span class='ocrx_word' id='word_1_207' title='bbox 2245 3130 2416 3188; x_wconf 77' lang='grc' dir='ltr'>ὁσίων</span> <span class='ocrx_word' id='word_1_208' title='bbox 2462 3133 2554 3187; x_wconf 78' lang='grc' dir='ltr'><strong>καὶ</strong></span> <span class='ocrx_word' id='word_1_209' title='bbox 2599 3130 2709 3185; x_wconf 74' lang='grc' dir='ltr'><strong>τῶν</strong></span> <span class='ocrx_word' id='word_1_210' title='bbox 2761 3128 2980 3188; x_wconf 59' lang='lat' dir='ltr'><strong>&lt;reatuin</strong></span> 
     </span>
     <span class='ocr_line' id='line_1_26' title="bbox 368 3215 2982 3361; baseline 0.001 -90"><span class='ocrx_word' id='word_1_211' title='bbox 368 3215 804 3361; x_wconf 50' lang='grc' dir='ltr'><strong>ςαρτιξρωνᾼκαέ</strong></span> <span class='ocrx_word' id='word_1_212' title='bbox 822 3217 931 3275; x_wconf 70' lang='grc' dir='ltr'><strong>τῶν</strong></span> <span class='ocrx_word' id='word_1_213' title='bbox 965 3220 1189 3277; x_wconf 75' lang='grc' dir='ltr'><em>δικαίων</em></span> <span class='ocrx_word' id='word_1_214' title='bbox 1223 3227 1563 3297; x_wconf 75' lang='grc' dir='ltr'><strong><em>προσευχαῖς</em></strong></span> <span class='ocrx_word' id='word_1_215' title='bbox 1599 3216 1959 3296; x_wconf 67' lang='grc' dir='ltr'><strong><em>συγχώρησόν</em></strong></span> <span class='ocrx_word' id='word_1_216' title='bbox 1992 3239 2091 3292; x_wconf 79' lang='grc' dir='ltr'><strong>μοι</strong></span> <span class='ocrx_word' id='word_1_217' title='bbox 2128 3217 2308 3275; x_wconf 75' lang='grc' dir='ltr'><em>πάντα</em></span> <span class='ocrx_word' id='word_1_218' title='bbox 2325 3259 2343 3286; x_wconf 87' lang='grc'><em>,</em></span> <span class='ocrx_word' id='word_1_219' title='bbox 2400 3216 2543 3294; x_wconf 74' lang='grc' dir='ltr'><strong>ὅπερ</strong></span> <span class='ocrx_word' id='word_1_220' title='bbox 2578 3217 2982 3291; x_wconf 71' lang='grc' dir='ltr'><strong>ἐπλημμέλησα.</strong></span> 
     </span>
    </p>

    <p class='ocr_par' dir='ltr' id='par_1_17' title="bbox 368 3347 2980 3553">
     <span class='ocr_line' id='line_1_27' title="bbox 544 3347 2980 3466; baseline 0 -19"><span class='ocrx_word' id='word_1_221' title='bbox 544 3347 632 3448; x_wconf 51' lang='grc' dir='ltr'><strong>Ἄ,</strong></span> <span class='ocrx_word' id='word_1_222' title='bbox 652 3347 735 3449; x_wconf 59' lang='grc' dir='ltr'><strong>1ἳῖ</strong></span> <span class='ocrx_word' id='word_1_223' title='bbox 786 3347 999 3451; x_wconf 48' lang='lat' dir='ltr'><strong>&amp;bristi</strong></span> <span class='ocrx_word' id='word_1_224' title='bbox 1046 3393 1348 3466; x_wconf 80' lang='lat' dir='ltr'><strong>magnalia.</strong></span> <span class='ocrx_word' id='word_1_225' title='bbox 1420 3390 1608 3448; x_wconf 78' lang='lat' dir='ltr'><strong>nahor</strong></span> <span class='ocrx_word' id='word_1_226' title='bbox 1653 3392 1875 3448; x_wconf 69' lang='lat' dir='ltr'><strong>erklfirt</strong></span> <span class='ocrx_word' id='word_1_227' title='bbox 1918 3395 2157 3450; x_wconf 67' lang='lat' dir='ltr'><strong>Athenas.</strong></span> <span class='ocrx_word' id='word_1_228' title='bbox 2207 3394 2265 3449; x_wconf 91' lang='lat' dir='ltr'><strong>in</strong></span> <span class='ocrx_word' id='word_1_229' title='bbox 2312 3409 2396 3465; x_wconf 84' lang='lat' dir='ltr'><strong>ps.</strong></span> <span class='ocrx_word' id='word_1_230' title='bbox 2447 3394 2567 3462; x_wconf 71' lang='lat'>1⁰4,</span> <span class='ocrx_word' id='word_1_231' title='bbox 2602 3393 2691 3447; x_wconf 78' lang='lat'><strong>29.</strong></span> <span class='ocrx_word' id='word_1_232' title='bbox 2741 3390 2834 3446; x_wconf 86' lang='lat' dir='ltr'><strong>die</strong></span> <span class='ocrx_word' id='word_1_233' title='bbox 2872 3391 2980 3447; x_wconf 88' lang='lat' dir='ltr'><strong>Be·</strong></span> 
     </span>
     <span class='ocr_line' id='line_1_28' title="bbox 368 3477 2298 3553; baseline 0 -20"><span class='ocrx_word' id='word_1_234' title='bbox 368 3494 631 3549; x_wconf 80' lang='lat' dir='ltr'><strong>nonnung</strong></span> <span class='ocrx_word' id='word_1_235' title='bbox 665 3483 886 3553; x_wconf 74' lang='grc' dir='ltr'><strong><em>χριστοὶ</em></strong></span> <span class='ocrx_word' id='word_1_236' title='bbox 923 3480 1097 3534; x_wconf 85' lang='lat' dir='ltr'><strong>durch</strong></span> <span class='ocrx_word' id='word_1_237' title='bbox 1135 3477 1451 3535; x_wconf 81' lang='grc' dir='ltr'><strong>ἀπόστολοι.</strong></span> <span class='ocrx_word' id='word_1_238' title='bbox 2291 3530 2298 3533; x_wconf 84' lang='grc'><strong>,</strong></span> 
     </span>
    </p>
   </div>
   <div class='ocr_carea' id='block_1_7' title="bbox 3140 1185 3155 3739">
    <p class='ocr_par' dir='ltr' id='par_1_18' title="bbox 3140 1185 3155 3739">
     <span class='ocr_line' id='line_1_29' title="bbox 3140 1185 3155 3739; baseline 0 0"><span class='ocrx_word' id='word_1_239' title='bbox 3140 1185 3155 3739; x_wconf 95' lang='lat' dir='ltr'><strong> </strong></span> 
     </span>
    </p>
   </div>
   <div class='ocr_carea' id='block_1_8' title="bbox 1110 3862 2227 3962">
    <p class='ocr_par' dir='ltr' id='par_1_19' title="bbox 1110 3862 2227 3962">
     <span class='ocr_line' id='line_1_30' title="bbox 1110 3862 2227 3962; baseline 0.001 -26"><span class='ocrx_word' id='word_1_240' title='bbox 1110 3862 1285 3937; x_wconf 79' lang='grc'><strong>637.</strong></span> <span class='ocrx_word' id='word_1_241' title='bbox 1356 3863 1473 3935; x_wconf 83' lang='lat' dir='ltr'><strong>De</strong></span> <span class='ocrx_word' id='word_1_242' title='bbox 1525 3864 1753 3962; x_wconf 83' lang='lat' dir='ltr'><strong>patria</strong></span> <span class='ocrx_word' id='word_1_243' title='bbox 1806 3876 2227 3939; x_wconf 81' lang='lat' dir='ltr'><strong>sanctorum.</strong></span> 
     </span>
    </p>
   </div>
   <div class='ocr_carea' id='block_1_9' title="bbox 364 4094 3148 4603">
    <p class='ocr_par' dir='ltr' id='par_1_20' title="bbox 368 4094 2453 4182">
     <span class='ocr_line' id='line_1_31' title="bbox 368 4094 2453 4182; baseline 0.001 -19"><span class='ocrx_word' id='word_1_244' title='bbox 368 4096 562 4163; x_wconf 81' lang='lat' dir='ltr'><strong>Cives</strong></span> <span class='ocrx_word' id='word_1_245' title='bbox 607 4095 890 4161; x_wconf 88' lang='lat' dir='ltr'><strong>coelestis</strong></span> <span class='ocrx_word' id='word_1_246' title='bbox 935 4094 1198 4178; x_wconf 77' lang='lat' dir='ltr'><strong>patriae,</strong></span> <span class='ocrx_word' id='word_1_247' title='bbox 1722 4096 1946 4182; x_wconf 83' lang='lat' dir='ltr'><strong>Jaspis</strong></span> <span class='ocrx_word' id='word_1_248' title='bbox 1990 4100 2212 4166; x_wconf 89' lang='lat' dir='ltr'><strong>colore</strong></span> <span class='ocrx_word' id='word_1_249' title='bbox 2261 4101 2453 4166; x_wconf 89' lang='lat' dir='ltr'><strong>viridi</strong></span> 
     </span>
    </p>

    <p class='ocr_par' dir='ltr' id='par_1_21' title="bbox 364 4198 2551 4286">
     <span class='ocr_line' id='line_1_32' title="bbox 364 4198 2551 4286; baseline 0.003 -25"><span class='ocrx_word' id='word_1_250' title='bbox 364 4199 511 4283; x_wconf 77' lang='lat' dir='ltr'><strong>regi</strong></span> <span class='ocrx_word' id='word_1_251' title='bbox 553 4218 781 4280; x_wconf 81' lang='lat' dir='ltr'><strong>regum</strong></span> <span class='ocrx_word' id='word_1_252' title='bbox 825 4198 1147 4265; x_wconf 89' lang='lat' dir='ltr'><strong>concinite</strong></span> <span class='ocrx_word' id='word_1_253' title='bbox 1165 4247 1184 4282; x_wconf 84' lang='lat'><em>‚</em></span> <span class='ocrx_word' id='word_1_254' title='bbox 1721 4202 1992 4286; x_wconf 85' lang='lat' dir='ltr'><strong>praefert</strong></span> <span class='ocrx_word' id='word_1_255' title='bbox 2033 4203 2320 4269; x_wconf 74' lang='lat' dir='ltr'><strong>virorem</strong></span> <span class='ocrx_word' id='word_1_256' title='bbox 2362 4204 2551 4286; x_wconf 88' lang='lat' dir='ltr'><strong>fidei,</strong></span> 
     </span>
    </p>

    <p class='ocr_par' dir='ltr' id='par_1_22' title="bbox 366 4302 2671 4388">
     <span class='ocr_line' id='line_1_33' title="bbox 366 4302 2671 4388; baseline 0.003 -23"><span class='ocrx_word' id='word_1_257' title='bbox 366 4302 477 4383; x_wconf 89' lang='lat' dir='ltr'><strong>qui</strong></span> <span class='ocrx_word' id='word_1_258' title='bbox 519 4309 619 4364; x_wconf 88' lang='lat' dir='ltr'><strong>est</strong></span> <span class='ocrx_word' id='word_1_259' title='bbox 663 4320 1003 4384; x_wconf 88' lang='lat' dir='ltr'><strong>supremus</strong></span> <span class='ocrx_word' id='word_1_260' title='bbox 1046 4302 1270 4388; x_wconf 86' lang='lat' dir='ltr'><strong>opifex</strong></span> <span class='ocrx_word' id='word_1_261' title='bbox 1724 4321 1871 4385; x_wconf 85' lang='lat' dir='ltr'><strong>quae</strong></span> <span class='ocrx_word' id='word_1_262' title='bbox 1912 4303 1978 4367; x_wconf 90' lang='lat' dir='ltr'><strong>in</strong></span> <span class='ocrx_word' id='word_1_263' title='bbox 2020 4304 2333 4387; x_wconf 79' lang='lat' dir='ltr'><strong>perfectis</strong></span> <span class='ocrx_word' id='word_1_264' title='bbox 2380 4308 2671 4373; x_wconf 84' lang='lat' dir='ltr'><strong>omnibus</strong></span> 
     </span>
    </p>

    <p class='ocr_par' dir='ltr' id='par_1_23' title="bbox 365 4402 3148 4603">
     <span class='ocr_line' id='line_1_34' title="bbox 366 4402 3148 4501; baseline 0.003 -34"><span class='ocrx_word' id='word_1_265' title='bbox 366 4402 645 4467; x_wconf 83' lang='lat' dir='ltr'><strong>civitatis</strong></span> <span class='ocrx_word' id='word_1_266' title='bbox 691 4404 1007 4488; x_wconf 78' lang='lat' dir='ltr'><strong>uranicae,</strong></span> <span class='ocrx_word' id='word_1_267' title='bbox 1721 4424 2046 4488; x_wconf 86' lang='lat' dir='ltr'><strong>nunquam</strong></span> <span class='ocrx_word' id='word_1_268' title='bbox 2088 4412 2430 4476; x_wconf 84' lang='lat' dir='ltr'><strong>marcescit</strong></span> <span class='ocrx_word' id='word_1_269' title='bbox 2469 4410 2757 4495; x_wconf 82' lang='lat' dir='ltr'><strong>penitus,</strong></span> <span class='ocrx_word' id='word_1_270' title='bbox 2892 4414 2968 4475; x_wconf 91' lang='grc'><strong>10</strong></span> <span class='ocrx_word' id='word_1_271' title='bbox 3147 4446 3148 4501; x_wconf 31' lang='grc' dir='ltr'>ἢ</span> 
     </span>
     <span class='ocr_line' id='line_1_35' title="bbox 365 4502 3148 4603; baseline 0.004 -34"><span class='ocrx_word' id='word_1_272' title='bbox 365 4506 432 4570; x_wconf 91' lang='lat' dir='ltr'><strong>in</strong></span> <span class='ocrx_word' id='word_1_273' title='bbox 476 4505 660 4588; x_wconf 88' lang='lat' dir='ltr'><strong>cujus</strong></span> <span class='ocrx_word' id='word_1_274' title='bbox 706 4502 985 4595; x_wconf 74' lang='lat' dir='ltr'><strong>aedificio</strong></span> <span class='ocrx_word' id='word_1_275' title='bbox 1578 4508 1617 4568; x_wconf 86' lang='lat'>5</span> <span class='ocrx_word' id='word_1_276' title='bbox 1723 4508 1910 4591; x_wconf 75' lang='lat' dir='ltr'><strong>cnjus</strong></span> <span class='ocrx_word' id='word_1_277' title='bbox 1954 4506 2109 4573; x_wconf 81' lang='lat' dir='ltr'><strong>forti</strong></span> <span class='ocrx_word' id='word_1_278' title='bbox 2152 4512 2464 4594; x_wconf 72' lang='lat' dir='ltr'><strong>praesidio</strong></span> <span class='ocrx_word' id='word_1_279' title='bbox 3147 4518 3148 4603; x_wconf 44' lang='grc' dir='ltr'>ᾖ</span> 
     </span>
    </p>
   </div>
   <div class='ocr_carea' id='block_1_10' title="bbox 363 4608 3148 4705">
    <p class='ocr_par' dir='ltr' id='par_1_24' title="bbox 363 4608 3148 4705">
     <span class='ocr_line' id='line_1_36' title="bbox 363 4608 3148 4705; baseline -0.001 -28"><span class='ocrx_word' id='word_1_280' title='bbox 363 4611 511 4677; x_wconf 86' lang='lat' dir='ltr'><strong>talis</strong></span> <span class='ocrx_word' id='word_1_281' title='bbox 557 4615 737 4677; x_wconf 83' lang='lat' dir='ltr'><strong>extat</strong></span> <span class='ocrx_word' id='word_1_282' title='bbox 780 4608 1094 4676; x_wconf 82' lang='lat' dir='ltr'><strong>fundatio.</strong></span> <span class='ocrx_word' id='word_1_283' title='bbox 1350 4632 1355 4633; x_wconf 44' lang='lat'><em>⁷</em></span> <span class='ocrx_word' id='word_1_284' title='bbox 1721 4611 2043 4679; x_wconf 84' lang='lat' dir='ltr'><strong>resistitur</strong></span> <span class='ocrx_word' id='word_1_285' title='bbox 2087 4611 2365 4680; x_wconf 85' lang='lat' dir='ltr'><strong>diabolo.</strong></span> <span class='ocrx_word' id='word_1_286' title='bbox 2565 4700 2572 4705; x_wconf 83' lang='lat'>.</span> <span class='ocrx_word' id='word_1_287' title='bbox 3147 4610 3148 4663; x_wconf 38' lang='grc' dir='ltr'><strong><em>Ψ</em></strong></span> 
     </span>
    </p>
   </div>
  </div>
 </body>
</html>
