3175 5234
147 525 152 528 ,
186 452 422 520 Crucis
463 452 720 537 siguum
760 454 920 519 than
963 455 1155 520 litera
1553 457 1703 525 dum
1749 459 1867 526 tibi
1907 460 2141 529 librum
2190 469 2494 551 apperiat

181 557 385 623 fronti
426 556 766 623 Frunoe'ci
805 558 1128 638 son‘bitnr,
1455 586 1460 592 ·
1548 578 1673 643 pro
1718 563 1974 629 virtutis
2017 567 2271 634 indicio.

179 678 308 742 per
352 659 539 724 varia
584 657 999 741 distinguitur

182 758 478 824 miranda
523 759 685 824 lucis
729 776 950 843 opera.
1443 792 1449 797 ·
1545 747 1777 817 Crucis
1818 753 2079 822 habron!
2123 762 2418 846 vestigiis

1542 853 1756 918 crucis
1799 855 2075 923 fructum
2122 863 2538 944 consequitur
2555 912 2574 946 ,

181 943 415 1013 Crucis
458 948 732 1011 verbum
774 949 1162 1032 proponitur
1347 953 1433 1015 25
1541 952 1694 1019 dum
1736 955 1899 1024 Josu
1941 977 2141 1025 carno
2183 964 2473 1047 pingitur
2708 969 2794 1035 35

177 1050 489 1115 fratribus
533 1069 660 1133 per-
696 1048 1052 1117 Antonium
1540 1065 1608 1122 et
1650 1058 1944 1141 signatur
1986 1062 2297 1146 insigniis.

178 1161 251 1217 et
293 1152 684 1220 Franciscus
729 1154 817 1219 ad
859 1156 1091 1221 ostium

177 1254 248 1318 in
289 1254 546 1321 modum
592 1257 804 1322 crucis
848 1260 1148 1324 cernitur.
1537 1245 1768 1314 0¹⁸⁰ssss
1811 1252 2016 1317 Virtus
2063 1262 2130 1319 0⁶
2173 1259 2389 1339 gratia
2475 1275 2478 1278 “

765 1384 773 1390 -
1534 1370 1656 1417 nos
1700 1356 2042 1438 consignet
2084 1359 2150 1422 in
2192 1360 2514 1427 frontibus

174 1437 408 1506 Crucis
452 1453 709 1509 sacrata
754 1445 949 1511 lectio
1257 1514 1262 1518 ,
1531 1457 1598 1520 in
1642 1460 1946 1525 membris
1992 1469 2062 1527 et
2102 1463 2168 1527 iu
2216 1467 2513 1532 sensibus

173 1551 278 1606 ter
321 1543 677 1612 Francisco
721 1565 794 1612 se
838 1549 1154 1632 praebuit,
1338 1552 1423 1615 30
1529 1574 1653 1640 pro
1698 1562 1968 1642 perenni
2013 1563 2324 1630 custodia.
2384 1585 2591 1632 amen.
2694 1571 2782 1635 40

311 1727 408 1784 Hs.
442 1746 513 1785 zu
547 1731 822 1792 Miinchou
859 1734 996 1791 clm.
1036 1737 1226 1793 19824.
1265 1700 1367 1794 des
1407 1743 1473 1796 15
1508 1743 1707 1799 Jahrb.
1744 1759 1860 1800 von
1894 1746 2234 1819 Tegernsee.
2289 1752 2357 1804 31
2394 1751 2595 1808 besser
2628 1753 2781 1810 huie.

717 2034 891 2108 928.
952 2031 1162 2109 Alius
1213 2036 1513 2139 hymnus
1565 2040 1657 2114 de
1712 2069 1767 2115 s.
1820 2044 2227 2119 Francisco.

164 2247 557 2316 Franciscus
602 2250 844 2319 Christi
887 2256 1103 2338 gratia
1525 2281 1714 2327 unam
1759 2282 1999 2346 gerens
2045 2266 2422 2349 tuniculam,

162 2353 514 2436 inspiratus
559 2355 929 2422 medullitus
1520 2366 1675 2431 fune
1719 2369 2108 2452 praecinctus
2152 2372 2434 2436 renibus.

163 2473 522 2522 conversus
575 2466 676 2523 est
718 2467 785 2523 et
830 2462 1043 2525 omnia

161 2557 413 2640 sprevit
457 2566 718 2624 terrena
761 2560 1066 2628 funditus.
1518 2552 1760 2621 Forma
1803 2555 2012 2622 sactus
2057 2558 2385 2623 humilium

1518 2656 1896 2723 sublimatur
1939 2659 2005 2722 in
2050 2659 2300 2743 gloria,

157 2745 384 2811 Nudus
430 2766 649 2814 coram
691 2752 999 2835 pontifice
1372 2757 1411 2818 5
1517 2766 1924 2843 contemptor
1978 2764 2423 2846 temporalium
2691 2767 2772 2829 15

161 2848 438 2915 cilicium
482 2839 650 2917 clam
693 2855 950 2935 habuit,
1515 2869 1751 2943 regnat
1795 2861 1980 2926 dives
2024 2863 2090 2925 in
2127 2866 2355 2948 patria.

157 2970 405 3018 memor
448 2957 673 3021 mortis
719 2957 1056 3026 dominicae
1597 2977 1614 2989 ‘

157 3054 391 3120 nudari
434 3076 563 3123 non
608 3062 879 3127 erubuit.
1511 3053 1834 3119 Verorum
1878 3062 2068 3139 pater
2110 3075 2495 3141 pauperum,

365 3161 376 3170 ·
1512 3175 1633 3221 nos
1676 3166 1983 3242 perpetes
2027 3158 2135 3226 sac
2176 3160 2432 3244 spiritu,

155 3241 482 3309 Minorum
524 3246 803 3312 fundans
849 3249 1139 3317 ordinem
1513 3266 1850 3326 consortes
1894 3259 2098 3324 redde
2144 3280 2451 3346 superum

153 3344 345 3410 nudis
393 3347 628 3414 incedit
670 3351 976 3436 pedibuS‚
1324 3358 1406 3423 10
1511 3368 1774 3446 ereptos
1821 3364 1904 3428 ab
1949 3361 2225 3427 interitu.
2291 3383 2496 3427 amen.
2674 3365 2759 3430 20

330 3534 592 3592 Dieselbe
629 3536 724 3593 Hs.
799 3543 868 3594 17
901 3557 1202 3613 merorum,
1240 3544 1337 3602 Hs.

1042 3844 1213 3920 929.
1282 3845 1493 3919 Alius
1544 3844 1866 3945 hymnus.

140 4036 541 4106 Franciscus
587 4054 758 4110 amat
795 4049 980 4114 unice
1504 4049 1923 4115 Franciscum
1967 4052 2125 4116 mire
2172 4053 2365 4116 satiat

141 4138 402 4222 Jesum‚
450 4145 558 4224 qui
602 4148 1027 4233 crucifigitur,
1503 4151 1607 4214 vis
1652 4152 1888 4217 amoris
1933 4153 2268 4235 praecipui.

135 4252 362 4309 mento
409 4246 649 4314 devota
693 4253 981 4337 simplice

137 4347 458 4415 crucifixo
501 4352 863 4442 configitur.
1497 4335 1892 4406 Francisous
1936 4339 2101 4405 Jesu
2141 4339 2338 4404 nimio
2512 4406 2521 4416 .

347 4462 358 4470 ·
397 4468 404 4474 ⁷
1501 4433 1722 4530 umore
1768 4440 1917 4505 dum
1963 4440 2273 4520 afficitur,
2671 4445 2753 4509 10

131 4535 563 4608 Franciscum
605 4562 789 4610 amor
833 4548 1044 4614 ebriat
1354 4556 1396 4619 5
1500 4540 1576 4608 fit
1621 4541 1766 4624 ejus
1808 4540 2290 4606 transformatio

131 4638 306 4706 Jesu
352 4660 476 4726 pro
521 4648 708 4712 nobis
751 4652 1018 4734 mortui,
1481 4646 1568 4710 -in
1597 4644 1854 4727 39811111,
1899 4645 2011 4729 (11Ιί
2056 4642 2363 4728 diligitur·
2417 4691 2423 4697 ·

258 4770 432 4826 Mune,
465 4774 635 4827 laceio.
666 4778 915 4838 nymnen.
974 4782 1071 4830 ΙΙΙ.
2267 4749 2355 4815 2⁰
