3175 5234
2696 238 2827 303 16⁹

395 419 489 476 ns.
525 435 597 474 m
633 418 808 475 Gratz
840 418 976 489 *²7¹⁶-
1019 421 1088 473 12
1122 417 1318 473 Jahrb.
1354 416 1457 472 mit
1489 415 1753 473 Neumen.
1826 419 2039 474 23-ae
2075 418 2203 475 sind
2234 420 2585 477 Hexameter.

389 542 460 597 18
493 544 734 612 partum,
771 539 866 595 Hs.
933 541 1006 594 22
1042 545 1102 595 et
1136 536 1281 596 fehlt
1315 539 1416 596 der
1449 541 1544 598 Hs.
1597 544 1669 595 27
1704 539 1847 610 dnm,
1882 539 2220 610 idolatriam,
2255 540 2350 596 Hs.

394 661 460 716 V.
495 664 543 715 5.
581 662 632 715 6.
689 660 873 732 prima
907 661 1130 730 tunica,
1166 658 1263 717 fiir
1296 661 1466 718 stola.
1533 662 1595 719 S.
1631 660 1736 718 No.
1775 663 1895 732 161,
1929 665 1982 718 2.

1165 979 1336 1053 763.
1410 980 1529 1052 De
1571 1005 1629 1052 s.
1680 979 1883 1053 Afra.

206 1234 519 1319 Augusta
563 1233 804 1318 plaude
847 1233 1082 1299 nobilis
1100 1282 1117 1317 ,
1572 1253 1719 1317 qnae
1762 1233 1882 1299 toti
1924 1233 2103 1318 plebi
2147 1233 2359 1318 patuit

294 1340 365 1402 in
412 1358 545 1420 qua
590 1335 894 1402 clarescit
937 1338 1180 1402 saeculo
1658 1356 2067 1422 conregnans
2112 1339 2177 1403 in
2222 1338 2612 1405 coelestibus.

205 1441 484 1506 lucerna
530 1439 820 1505 candens
864 1440 1118 1504 mobilis

284 1542 431 1624 jam
471 1538 643 1607 Afra
687 1559 831 1606 oum
875 1541 1179 1622 tripudio.
1567 1524 1700 1591 Pel·
1744 1545 1864 1592 ⁸¹¹8
1905 1526 2298 1611 patfflcinia,

1655 1625 1988 1711 Augusta,
2036 1637 2175 1693 stas
2217 1628 2528 1713 pacifice,

201 1731 452 1797 Ditaris
497 1733 666 1795 enim
708 1732 940 1796 merito
1421 1734 1461 1794 5
1566 1730 1839 1795 intrabis
1884 1731 2033 1795 eoeli
2077 1731 2355 1798 eulmina
2738 1734 2819 1796 15

296 1833 580 1919 praedita
622 1833 796 1900 dulei
838 1834 1154 1917 germine,
1654 1831 1939 1897 vivendo
1983 1832 2305 1898 beatifice.

201 1943 279 2000 et
319 1935 570 2018 pateris
612 1935 910 1999 inmerito

293 2038 588 2122 eclipsim
630 2037 917 2104 Phoebus
963 2039 1250 2103 termine.
1566 2024 1750 2109 Ergo
1796 2032 2153 2090 matronam
2197 2026 2453 2109 recole,

1655 2127 1909 2191 felicem
1953 2123 2188 2191 Afram
2228 2127 2458 2209 visita,

198 2230 374 2295 Nam
417 2228 590 2297 Afra
632 2232 699 2296 in
746 2239 810 2296 te
858 2231 1091 2298 claruit
1569 2227 1905 2311 sequendo
1956 2247 2098 2292 eam
2145 2246 2350 2312 opere

297 2353 444 2398 cnm
487 2334 620 2398 suis
666 2334 1151 2418 consodalibus,
1381 2334 1462 2398 10
1656 2331 1973 2415 gaudebis
2016 2339 2170 2416 post
2212 2333 2279 2396 in
2322 2333 2552 2417 patria.
2729 2336 2813 2400 20

386 2519 483 2574 Hs.
531 2536 601 2573 zu
637 2515 946 2575 Frankfnrt
983 2519 1086 2574 No.
1124 2519 1242 2572 170.
1277 2519 1334 2572 ἰιι
1373 2520 1487 2572 120.
1540 2516 1643 2572 mit
1679 2516 1781 2573 der
1816 2517 2077 2588 melodie,
2114 2520 2184 2573 14
2218 2518 2417 2576 Jahrb.

385 2638 547 2693 Naeh
582 2640 655 2693 20
690 2636 887 2712 folgen
934 2640 992 2694 in
1036 2639 1139 2695 der
1173 2638 1271 2694 Hs.
1310 2639 1466 2695 diese
1498 2638 1811 2710 geroimten
1846 2638 2207 2710 Hexameter,
2270 2638 2361 2694 die
2398 2639 2553 2696 nicht
2589 2656 2657 2695 zu
2690 2640 2817 2696 dem

205 2727 405 2797 Liede,
443 2726 691 2783 sondern
726 2744 797 2782 zu
830 2727 1255 2797 Responsorien
1293 2726 1564 2798 gehdren.

626 2832 849 2903 Hartyr
882 2838 1081 2887 sancta
1116 2831 1233 2901 dei,
1269 2846 1396 2902 quae
1430 2816 1686 2901 flagrans
1722 2831 1855 2902 igne
1890 2828 2023 2887 fidei

623 2916 874 2974 flammas
910 2919 1206 2989 sprevisti,
1243 2923 1527 2974 tortorum
1563 2916 1794 2972 victima
1830 2917 2055 2975 christi.

630 3007 726 3077 qui
760 3004 980 3062 foedant
1013 3022 1229 3074 mores,
1265 3003 1529 3076 precibus
1566 3002 1849 3076 restringe
1885 3004 2109 3060 calores
2129 3043 2145 3072 ,

627 3101 852 3151 creseat
886 3101 950 3153 nt
981 3096 1041 3151 in
1076 3095 1242 3151 nobis
1279 3093 1456 3149 divini
1487 3090 1687 3148 fervor
1721 3092 1947 3149 amoris.

878 3412 1050 3488 764.
1122 3354 1240 3484 be
1287 3437 1342 3483 s.
1394 3411 1577 3484 Afra
1649 3411 2135 3509 (troparium).

201 3653 266 3715 1.
331 3648 598 3715 Laudes
643 3648 768 3713 deo
811 3651 1117 3732 perenni,
1566 3650 1627 3714 3.
1686 3647 2011 3715 Mundans
2054 3664 2176 3715 vas
2221 3647 2306 3714 ad
2353 3649 2701 3734 spiritalia,

202 3819 269 3883 2.
329 3813 609 3882 Auctori
652 3817 1142 3903 redemptionis,
1695 3753 1873 3835 quod
1916 3753 2218 3839 rephbat
2258 3755 2601 3821 inimicitia

333 3929 562 3986 nostra
643 3921 984 4005 praesnltet
1060 3938 1231 3986 nuno
1301 3919 1460 3985 har·
1695 3917 1973 3986 Mutatio
2017 3917 2269 3985 dextrae
2311 3917 2576 4002 placida
2733 3917 2814 3981 10

930 4025 1178 4105 monia3
1697 4021 1883 4105 cnjus
1911 4024 2276 4105 apparebat
2310 4022 2378 4084 in
2405 4022 2598 4085 beata
2623 4015 2812 4101 Afra,

333 4160 456 4238 Qui
495 4162 642 4233 ,vult
685 4180 909 4226 omnes
955 4160 1176 4226 salvos
1220 4179 1397 4242 esse,

331 4261 576 4328 nullum
672 4263 986 4329 fraudans
1095 4282 1214 4327 sua
1291 4261 1456 4331 ele·
1562 4293 1624 4353 4·
1689 4288 1892 4367 Quam
1937 4283 2241 4351 sordibus
2286 4287 2536 4345 emtam

935 4365 1189 4431 mentia·
1416 4366 1455 4425 5
1694 4392 1947 4458 fecerat
1987 4387 2226 4454 munda

204 4486 212 4493 ’
329 4502 542 4588 Hujus
587 4504 729 4589 ipse
781 4502 913 4568 diei
954 4501 1142 4566 nobis
1688 4497 1811 4562 sibi
1856 4496 2093 4560 offerre
2144 4492 2565 4578 thymiamata

334 4606 749 4671 consecravit
791 4612 1019 4671 sancta
1060 4602 1423 4688 praeoonia,
1687 4601 1901 4667 earnis
1946 4617 2027 4667 ao
2069 4617 2208 4664 suae
2253 4593 2574 4664 sacrificia
2584 4615 2606 4677 3
2725 4593 2806 4655 15
