3175 5234
383 291 512 354 126

382 477 572 543 Unde
622 476 704 541 ad
751 485 814 542 te
862 475 1165 556 confugio
1743 471 1928 549 Quod
1974 480 2045 536 ut
2090 479 2244 535 tunc
2290 472 2501 556 possit
2542 471 2721 554 fieri,
2920 473 3023 535 25

384 588 451 645 et
494 587 765 663 propter
808 579 983 641 illum
1040 579 1356 657 obsecro,
1744 594 1911 639 nunc
1958 593 2150 638 aures
2196 575 2385 658 pulsa
2431 574 2699 655 domini,

385 685 495 766 qui
540 690 604 746 te
651 681 934 745 salvavit
980 679 1271 758 dubium,
1557 680 1636 738 15
1741 684 1812 739 ut
1858 675 2239 756 quadratam
2282 675 2631 739 virtutibus

385 785 536 850 dum
578 785 714 849 fers
757 787 823 849 in
868 784 1038 848 latus
1083 781 1372 865 digitum,
1741 780 1876 843 labi
1917 797 2047 843 non
2095 781 2266 843 sinat
2310 778 2620 863 amplius,

1742 941 1828 1005 Et
1872 940 1955 1005 ad
2003 941 2231 1023 culpas
2276 941 2662 1004 immobilem

384 994 472 1061 Ut
517 997 634 1060 sim
681 995 763 1060 de
810 1013 935 1058 non
983 993 1352 1058 videntibus
1744 1044 1906 1126 figat
1951 1050 2017 1107 et
2061 1043 2248 1107 bonis
2295 1042 2626 1119 stabilem,
2918 1045 3019 1107 30

387 1108 454 1163 et
498 1100 692 1162 beate
742 1096 1176 1162 credentibus,

387 1202 744 1266 architecte
789 1200 1098 1264 mirabilis
1120 1249 1137 1280 ‚

390 1303 472 1367 de
520 1304 688 1366 vivis
734 1301 1026 1366 aedificiis
1557 1304 1641 1365 20

1746 1144 1917 1228 quod
1964 1144 2266 1227 dignetur
2312 1145 2709 1229 concedere,

1746 1249 1855 1329 qui
1902 1249 2113 1312 erexit
2156 1250 2221 1311 in
2267 1248 2523 1330 virgine

1745 1412 1927 1477 Illam
1973 1411 2231 1475 domum
2273 1412 2603 1478 mirificam
2620 1461 2636 1494 ‚

389 1512 665 1577 Sumens
704 1514 767 1576 in
815 1522 995 1578 terra
1039 1515 1346 1597 pretium,
1513 1591 1520 1600 .
1744 1533 1934 1595 quam
1983 1514 2280 1577 transivit
2324 1531 2450 1577 non
2496 1517 2791 1597 perviam

390 1634 661 1681 servans
709 1616 877 1680 coelo
922 1616 1260 1699 palatium,
1746 1623 1813 1678 et
1855 1614 1967 1679 illo
2013 1633 2185 1679 novo
2224 1617 2493 1679 transitu
2913 1619 3012 1681 35

390 1736 562 1803 ponc
607 1720 805 1783 muris
851 1718 1217 1784 Jerusalem
1744 1735 1865 1780 nos
1907 1719 2106 1781 traxit
2149 1719 2232 1782 ab
2277 1718 2537 1783 interitu

389 1843 492 1886 me
537 1823 645 1887 vel
694 1832 1050 1887 extremum
1095 1822 1395 1906 lapidem.
1746 1826 2049 1901 suscepto
2098 1820 2312 1883 carnis
2359 1818 2598 1885 habitu.

569 2002 979 2074 Strassburger
1014 2001 1109 2057 Hs.
1148 2001 1207 2055 E.
1249 2003 1365 2055 135.
1403 1999 1483 2054 Bl.
1523 2003 1607 2054 50.
1646 2003 1716 2054 14
1741 2001 1941 2055 Jahrh.

567 2128 603 2178 7
639 2125 909 2197 quamvis,
946 2125 1042 2179 Hs.
1078 2120 1170 2178 f'ur
1206 2140 1318 2178 non
1354 2124 1512 2178 ware
1553 2124 1749 2177 besser
1784 2139 1869 2190 ne,
1907 2124 2047 2179 aber
2084 2125 2249 2179 6-8
2285 2125 2411 2180 sind
2447 2125 2617 2180 damit
2653 2125 2795 2181 doch
2839 2127 3010 2183 nicht

394 2228 540 2282 ganz
576 2215 929 2285 hergestellt.
1002 2215 1036 2267 8
1074 2214 1231 2280 duce,
1266 2213 1361 2266 Hs.

563 2335 630 2388 V.
671 2338 716 2389 1.
754 2335 983 2389 fihnlich
1019 2335 1198 2390 heisst
1234 2350 1297 2388 er
1331 2334 1389 2388 in
1426 2332 1530 2387 den
1567 2334 1799 2389 Menfien
1838 2333 2044 2406 Θωμᾶς
2080 2333 2112 2390 ὁ
2152 2335 2493 2408 θαυμάσιος.
2546 2339 2664 2396 Oct.
2699 2341 2749 2394 6.
2800 2369 2807 2390 ι

572 2419 639 2472 V.
678 2424 728 2474 2.
766 2425 913 2495 χειρὶ
950 2419 1359 2497 φιλοπράγμονι
1395 2423 1560 2476 θείαν
1597 2421 1835 2496 πλευρὰν
1872 2422 2240 2497 ἐξηρεύνησας.
2295 2424 2418 2481 oct.
2456 2426 2506 2479 6.

570 2505 634 2559 V.
681 2510 761 2560 17.
796 2504 862 2579 τῇ
898 2506 1063 2578 πισῐῇ
1102 2504 1328 2577 ἀπιστίᾳ
1368 2527 1472 2562 σου
1510 2505 1637 2569 τοὺς
1674 2506 1904 2571 πιστοὺς
1941 2509 2287 2582 ἐβεβαίωσας.
2338 2511 2458 2568 oct.
2497 2513 2546 2567 6.

1095 2830 1265 2904 715.
1339 2833 1456 2902 De
1500 2858 1554 2903 s.
1610 2831 1893 2904 Thomu
1944 2832 2287 2932 apostolo.

391 3054 445 3118 Ο
494 3053 770 3135 Thoma,
818 3052 1112 3137 didyme,
1739 3071 2045 3118 succurre
2090 3055 2281 3119 nobis
2325 3056 2608 3139 miseriS,

392 3176 515 3241 per
603 3154 925 3219 Christum
953 3204 970 3239 ,
1013 3147 1018 3164 ¹
1073 3177 1262 3239 quem
1349 3157 1636 3220 meruisti
1738 3176 1819 3220 ne
1869 3155 2246 3223 damnemur
2291 3178 2434 3224 cum
2478 3161 2688 3244 impiis
2956 3164 2999 3224 5

1115 3267 1424 3340 tangere,
1737 3261 1802 3323 in
1850 3258 2134 3325 adventu
2171 3261 2431 3345 judicis.

389 3369 454 3424 te
501 3361 806 3444 precibus
852 3381 1160 3445 rogamus
1206 3362 1532 3444 altisonis,

572 3526 958 3582 Reichenauer
994 3528 1088 3583 Hs.
1126 3528 1229 3582 No.
1265 3528 1350 3581 60.
1386 3526 1470 3581 Bl.
1507 3530 1557 3580 7.
1597 3527 1696 3581 des
1734 3529 1800 3579 15
1836 3529 2031 3584 Jahrh.
2068 3532 2170 3586 mit
2208 3531 2312 3588 der
2348 3532 2606 3588 Melodie.

1108 3825 1280 3898 716.
1361 3824 1475 3896 De
1528 3853 1584 3898 s.
1632 3828 1913 3902 Thoma
1970 3830 2311 3929 apostolo.

387 4039 587 4106 Salve
633 4042 879 4109 Thoma
921 4045 1248 4128 gloriose,
1740 4058 1948 4115 tecum
1995 4052 2207 4134 plebis
2252 4052 2543 4136 copiosae

384 4148 631 4230 palmes
674 4150 824 4212 vitis
871 4149 1220 4215 fructuosae
1243 4198 1261 4234 ‚
1826 4155 2082 4219 mittens
2128 4155 2211 4220 ad
2257 4156 2568 4221 coelestia.

382 4257 448 4313 te
495 4249 764 4316 doctore
809 4253 1095 4318 virtuose

471 4353 788 4433 gloriatur
833 4354 1031 4422 haia,
1739 4343 1861 4421 Qui
1906 4345 2000 4409 sic
2047 4363 2119 4409 es
2162 4345 2668 4428 praedestinatus

1738 4458 1804 4511 et
1850 4466 1890 4511 a
1928 4446 2187 4512 Christo
2232 4451 2589 4531 vocitatus,
2732 4471 2741 4480 ·
2910 4452 2996 4515 10

385 4537 588 4614 Quam
633 4540 951 4606 horrebas
995 4546 1274 4626 seriose,
1593 4549 1631 4608 5
1738 4556 1995 4613 nostros
2042 4549 2216 4614 dilue
2265 4559 2486 4616 reatus

381 4638 552 4704 hanc
596 4642 923 4705 convertis
971 4646 1288 4729 gratiose,
1822 4650 2082 4732 pietatis
2128 4652 2358 4733 gratia.
