3175 5234
399 285 483 349 1⁸

392 473 557 538 Dum
610 478 825 535 mente
871 475 1082 534 tracto
1130 467 1405 551 angelos
1424 514 1441 548 ,

392 576 749 660 prophetas
794 581 859 637 et
905 570 1275 655 apostoloS,

392 679 780 743 victorioros
824 684 1147 757 martyres
1563 671 1648 733 35

394 788 460 845 et
502 779 916 864 praepudicas
960 777 1285 859 virgines:

390 962 620 1027 Nullus
666 959 819 1022 mihi
856 957 1217 1042 potentior,

390 1064 605 1128 nullus
649 1058 1131 1126 misericordior-
1150 1107 1168 1142 ,

391 1166 646 1232 illorum
690 1184 858 1249 pace
903 1164 1174 1228 dixerim
1190 1211 1209 1247 ,

392 1268 650 1333 videtur
693 1277 898 1332 matre
945 1266 1200 1331 domini.
1562 1262 1648 1326 40

394 1447 806 1530 Quapropter
852 1444 1022 1507 hanc
1066 1442 1401 1526 praecipue

391 1558 735 1635 patronam
780 1566 989 1610 meam
1034 1546 1257 1610 facere

392 1652 549 1715 nihil
595 1648 1000 1732 religiosiuS,

393 1755 549 1818 nihil
593 1759 751 1837 puto
799 1751 1138 1815 salubrius.

392 1933 574 2014 Ergo
620 1941 828 1997 mater
873 1930 1181 1996 melliflua
1564 1930 1649 1993 45

395 2044 463 2101 et
507 2037 699 2120 virgo
746 2036 1192 2120 pudicissima,

393 2158 564 2205 nuuc
607 2141 673 2204 in
718 2139 1033 2223 praesenti
1078 2140 1386 2221 sentiam,

397 2263 589 2327 quam
633 2241 716 2307 de
763 2250 828 2306 te
875 2241 960 2306 do
1007 2243 1411 2306 sententiam.

397 2424 532 2487 Mei
577 2421 909 2504 querelam
954 2422 1229 2503 gemitus

399 2525 513 2589 tibi
555 2525 818 2606 impono
863 2524 1188 2606 primitus,
1565 2522 1650 2585 50

390 2645 589 2709 'quam
626 2627 925 2710 perferas
972 2626 1059 2690 ad
1102 2625 1423 2690 dominum

399 2739 463 2794 et
511 2738 687 2794 tuum
733 2748 957 2792 verum
1005 2727 1220 2793 filium.

396 2910 640 2990 Maria,
686 2910 799 2973 lux
846 2909 1168 2990 aetherea,

397 3022 468 3078 ut
511 3032 691 3077 meas
736 3031 970 3096 preces
1015 3012 1312 3094 deferaS,

404 3116 529 3180 tuis
578 3123 820 3180 stratus
866 3114 1160 3198 vestigiis
1566 3117 1649 3178 55

399 3226 615 3283 mente
663 3219 950 3301 deposco
996 3217 1288 3302 supplici.

398 3398 941 3484 Computruerunt
982 3401 1256 3482 pristina

396 3509 816 3584 peccatorum
863 3501 1197 3581 contagia,

401 3602 520 3666 sed
564 3603 828 3684 sapiens
866 3608 966 3663 est
1011 3598 1329 3681 medicus,

402 3705 805 3787 omnipotens
851 3711 953 3777 est
992 3703 1302 3766 dominuS.
1570 3706 1653 3768 60

399 3866 497 3931 De
543 3867 713 3930 mala
758 3866 1219 3932 consuetudine

402 3979 502 4035 est
546 3970 785 4035 efficax
828 3990 930 4033 me
977 3970 1246 4054 tollere,

401 4074 510 4157 qui
554 4072 889 4138 suscitavit
935 4070 1257 4137 Lazarum

402 4175 912 4259 quadriduanum
960 4183 1297 4240 mortuum.

401 4338 563 4404 Post
606 4340 859 4421 lapsum
905 4339 1172 4405 Petrum
1215 4339 1481 4424 respicit
1569 4341 1654 4404 65

403 4450 472 4506 et
515 4459 752 4522 magno
796 4441 949 4504 fletu
996 4444 1307 4526 concutit,

401 4562 524 4608 nec
570 4541 963 4608 Chananaeae
1005 4548 1312 4629 precibus

402 4648 625 4710 abnuit
668 4645 774 4710 hic
815 4648 1154 4730 propitius.

1752 464 1965 530 David
2008 472 2161 548 post
2204 472 2334 530 tam
2378 465 2677 529 immania

1750 568 2048 652 poenituit
2091 566 2342 651 flagitia
2922 567 3012 631 ’10

1752 678 1822 734 et
1863 678 2018 754 post
2057 668 2311 734 laudari
2355 670 2587 734 meruit
2723 656 2734 667 ’

1753 790 1869 839 ore
1913 774 2114 858 ipsius
2163 773 2418 838 domini.

1752 952 1940 1019 Unde
1986 973 2253 1020 securus
2298 953 2582 1036 credidi,

1753 1076 1794 1121 a
1835 1063 2256 1139 peccatorum
2300 1056 2577 1120 vinculis

1751 1177 1854 1222 me
1900 1159 2028 1222 cito
2072 1176 2272 1242 posse
2314 1160 2485 1239 erui,
2930 1160 3014 1222 75

1756 1262 1812 1326 si
1858 1268 1927 1325 tu
1973 1270 2212 1327 tantum
2259 1262 2545 1346 petieris.

1753 1443 1971 1509 Mater
2015 1443 2481 1509 misericordiae
2503 1492 2519 1525 ,

1754 1549 1852 1612 sic
1896 1547 2194 1614 affectum
2238 1546 2704 1632 comprendere

1755 1651 1941 1714 vales
1960 1698 1977 1725 ,
2024 1670 2171 1733 quae
2214 1667 2417 1715 vocas
2462 1650 2691 1733 impios

1695 1826 1726 1845 .-
1757 1763 1825 1819 et
1867 1773 1997 1819 non
2041 1754 2297 1838 spernis
2342 1744 2732 1818 incredulos.
2926 1751 3014 1815 80

1758 1930 1924 2009 Quid
1966 1933 2032 1995 in
2075 1932 2289 1997 Maria
2332 1932 2656 2014 gesseris,

1755 2035 1933 2099 illam
1976 2035 2123 2100 dico
2164 2031 2601 2118 Aegyptiam,

1755 2150 2028 2221 prorsus
2074 2136 2256 2199 novit
2298 2134 2578 2201 ecclesia

1759 2246 1826 2302 et
1874 2238 2125 2302 exultat
2166 2238 2231 2301 in
2276 2237 2507 2319 gratia.

1761 2418 2159 2503 Theophilus
2203 2418 2465 2482 diabolo
2751 2434 2756 2439 ·
2920 2415 3012 2480 85

1758 2541 1875 2588 suo
1923 2522 2112 2587 datus
2158 2519 2595 2604 chirographo

1757 2625 1941 2707 quasi
1987 2645 2027 2689 a
2072 2623 2271 2687 fundo
2315 2621 2610 2687 barathri

1756 2745 1877 2810 per
1921 2733 1987 2789 te
2033 2723 2259 2789 reduci
2300 2724 2525 2806 potuit.

1756 2901 1894 2968 Sed
1941 2904 2082 2986 quis
2126 2902 2348 2966 verbis
2399 2898 2937 2983 comprenderet,

1756 3009 1867 3073 vel
1912 3008 2235 3091 scriptura
2280 3005 2643 3088 digereret,
2925 3001 3010 3065 90

1757 3110 1993 3176 cotidie
2040 3126 2203 3191 quos
2246 3108 2488 3173 liberas

1757 3221 1826 3277 et
1868 3213 1994 3277 deo
2038 3209 2472 3276 reconcilias?

1753 3391 1870 3456 His
1907 3390 2046 3474 jam
2095 3389 2203 3453 diu
2246 3386 2667 3473 praemonitus

1758 3497 1843 3561 ad
1889 3504 1954 3560 te
2003 3495 2267 3578 confugi
2315 3493 2643 3575 credulus,

1757 3607 2023 3682 ne·me,
2067 3599 2210 3682 pia,
2257 3598 2528 3681 abjicias
2929 3592 3013 3659 95

1758 3702 2036 3787 supplex
2083 3718 2232 3783 or0,
2279 3701 2389 3764 vel
2434 3699 2714 3764 differas.

1756 3866 2138 3932 Devotionis
2182 3865 2484 3930 lacrimas

1759 3990 1950 4054 quam
1985 3970 2257 4052 primum
2302 3969 2455 4032 mihi
2494 3969 2797 4051 impetra,

1757 4082 1829 4137 ut
1874 4073 2001 4136 sint
2048 4073 2204 4137 satis
2250 4072 2533 4154 idoneae,

1756 4194 1937 4239 meas
1982 4174 2215 4239 sordes
2262 4173 2503 4238 eluere.
2885 4170 3014 4237 100

1759 4339 1995 4423 Turpis
2041 4337 2563 4421 concupiscentia

1760 4462 2001 4527 corpus
2047 4462 2170 4506 nec
2215 4449 2492 4505 mentem
2537 4438 2820 4524 polluat,

1759 4564 1950 4629 quam
1997 4548 2115 4610 sub
2162 4552 2272 4609 tua
2317 4544 2612 4610 custodia

1752 4650 1892 4733 jam
1939 4648 2284 4734 deputavi,
2334 4649 2606 4715 domina.
