3175 5234
575 668 794 743 1091.
870 667 988 741 De
1040 694 1096 739 e.
1143 665 1493 760 Νἱοοὶεω,
1537 664 1630 737 ad
1682 668 2072 739 matutinas,
2124 664 2444 765 hymnum.

200 888 479 954 Plaudat
522 886 749 953 laetitia
1646 884 1977 950 daemonas
2023 892 2232 968 areet,

289 993 401 1057 lux
444 990 794 1071 hodierna,
1558 994 1781 1052 astans
1826 987 2080 1069 exiguis

203 1111 337 1159 vox
384 1093 532 1158 eoeli
566 1092 803 1176 jubilet
820 1140 840 1176 ‚
1645 1109 1843 1156 eausa
1888 1091 2131 1154 salutis,

290 1204 469 1260 terra
512 1196 814 1277 resultet,
2813 1230 2822 1236 -

203 1305 505 1384 promant
549 1297 741 1362 laude
786 1295 896 1383 pia
1413 1299 1451 1360 5
1558 1252 1613 1319 ⁰
1656 1275 1806 1336 ‘⁰¹’
1854 1272 2096 1318 summe
2143 1253 2335 1336 ‘¹⁶⁰⁸’
2721 1258 2818 1327 2⁵

289 1401 533 1485 gaudia
578 1400 794 1484 digna.
1643 1356 1919 1420 vernula
1972 1354 2143 1472 fidfm

1557 1479 1598 1523 a
1644 1466 1709 1524 te
1752 1465 2141 1542 promerult,

202 1566 456 1631 Praesul
501 1566 871 1651 praecipuus
1646 1561 1817 1625 filius
1864 1568 1934 1625 ut
1978 1561 2097 1641 sit,

292 1691 420 1754 qua
467 1671 776 1737 Nicolaus
1558 1675 1756 1732 terrae
1799 1666 2151 1750 progenies

204 1774 420 1839 defert
465 1774 551 1840 ad
596 1773 918 1838 dominum
1649 1770 1913 1834 eoelieus
1958 1767 2171 1831 beree.
2391 1824 2398 1831 .
2724 1769 2811 1833 30

291 1886 450 1943 vota
492 1885 839 1961 rogantum
1374 1876 1456 1969 10

204 1981 458 2067 pellens
504 1982 648 2064 ipsa
692 1997 893 2063 prece

292 2086 491 2150 noxia
536 2094 828 2167 quaeque.

1559 1934 1836 2000 Virtutis
1881 1932 2122 1998 validae

1649 2044 1754 2120 tu,
1799 2036 2090 2118 Nicolae,

1563 2148 1866 2226 prompto
1912 2139 2183 2203 servitio

204 2245 329 2315 Hie
375 2249 565 2332 agnis
612 2246 851 2312 domini
1650 2266 1910 2330 semper
1945 2249 2027 2311 ab
2074 2245 2208 2310 alto

224 2402 229 2407 .
333 2348 578 2432 pabula
621 2349 811 2414 verbi
1563 2366 1685 2414 nos
1730 2347 1978 2412 orando
2022 2349 2177 2413 fove
2728 2352 2814 2417 35

209 2448 407 2514 donat
453 2466 794 2534 corporeae
952 2448 957 2453 '
1378 2451 1459 2513 15
1650 2462 1843 2518 noete
1888 2453 2138 2536 dieque.
2407 2438 2414 2443 ¹

292 2558 589 2635 tempore
632 2554 822 2635 vitae,
1562 2616 1620 2685 L
1877 2618 1892 2632 ‚
1941 2616 1982 2681 d
2094 2617 2109 2632 ,

212 2655 651 2740 dispensando
699 2654 830 2720 fide
1546 2715 1551 2719 .
1625 2637 1740 2683 ³¹¹⁸
1786 2638 1897 2734 {¹¹¹¹
1987 2635 2201 2734 ⁰‚m¹¹¹⁰

292 2758 551 2843 pondus
593 2759 818 2824 Μῶα
894 2838 901 2843 ’
1561 2728 2293 2889 Ιαέἕιζῖιῃῗωῖἑηῖᾎᾱίο

211 2920 505 2988 Servans
549 2925 793 2990 militiae
1651 2923 1913 2989 condita
1958 2943 2260 3007 quaeque,
2729 2926 2815 2991 40

301 3033 518 3091 eastra
562 3045 867 3111 supernae
1373 3028 1459 3091 20
1563 3028 1982 3094 decantemus
2026 3047 2174 3092 eum

210 3127 559 3214 praedones
607 3130 898 3215 cohibet,
1649 3150 1819 3197 nune
1864 3139 1932 3197 et
1973 3132 2039 3196 in
2083 3151 2312 3196 aevum.

382 3312 478 3368 lla.
533 3330 603 3367 zu
651 3312 943 3385 stuttgart
993 3316 1160 3371 BreV.
1212 3316 1332 3370 101.
1381 3312 1482 3371 fol.
1522 3315 1610 3368 70.
1669 3316 1735 3368 15
1775 3315 1975 3371 Jahrb.
2033 3317 2167 3387 (A).
2239 3315 2335 3370 Hs.
2373 3331 2444 3369 zu
2482 3313 2541 3370 S.
2577 3313 2722 3368 Paul
2757 3315 2820 3370 in

205 3400 465 3454 Kirnteu
517 3400 623 3456 No.
661 3403 745 3456 13.
800 3400 840 3456 f:
876 3403 962 3456 69.
1016 3403 1118 3459 cleu
1155 3405 1221 3457 15
1260 3403 1460 3460 Jahrh.
1513 3401 1642 3472 (B).
1749 3402 1847 3458 lla.
1903 3418 2018 3458 von
2065 3403 2388 3474 Tegerneee
2434 3416 2507 3455 zu
2539 3400 2818 3456 Mineheu

205 3486 317 3543 No.
355 3487 495 3542 1824
529 3487 627 3545 dee
667 3491 735 3544 15
769 3489 971 3546 Jahrb.
1010 3491 1137 3562 (G).

385 3611 422 3664 4
456 3614 667 3666 terram
693 3613 756 3668 Β.
851 3614 885 3667 5
920 3618 1147 3686 promat
1180 3614 1243 3670 A.
1340 3614 1377 3668 6
1412 3612 1581 3685 «ligne
1617 3613 1684 3668 A.
1768 3613 1803 3667 8
1838 3613 1968 3684 quia
2001 3613 2070 3668 A.
2143 3612 2213 3666 10
2249 3614 2428 3667 votou
2462 3614 2539 3680 B,
2602 3623 2818 3681 rogan-

205 3696 347 3751 tium
383 3697 452 3751 A.
551 3700 617 3752 11
654 3699 777 3769 ipse
815 3701 939 3770 Ac,
1004 3716 1174 3772 prece
1210 3698 1357 3756 fehlt
1388 3700 1457 3755 A.
1574 3701 1644 3753 13
1681 3715 1861 3771 agnus
1897 3700 1964 3755 A.
2064 3700 2132 3753 15
2170 3697 2343 3754 (louet
2377 3698 2443 3753 A.
2541 3696 2609 3750 16
2643 3692 2826 3768 temps

207 3778 359 3837 fehlt
393 3783 472 3851 A,
510 3781 680 3838 daft'ir
713 3784 863 3854 ipse;
896 3790 1153 3857 tempera
1189 3787 1298 3844 Bc.
1368 3788 1441 3842 25
1477 3803 1514 3843 o
1548 3782 1700 3842 fehlt
1736 3788 1803 3854 A,
1840 3795 2028 3842 rerum
2064 3802 2200 3841 sum.
2239 3786 2302 3851 C,
2336 3800 2536 3839 verum
2574 3799 2711 3841 eum.
2749 3784 2818 3840 B.

205 3869 281 3923 26
330 3867 483 3923 sidus
531 3868 592 3925 G.
690 3870 764 3923 30
808 3869 1027 3926 coelitus
1072 3872 1141 3925 A.
1239 3874 1311 3928 34-
1344 3872 1541 3928 ablato
1586 3873 1653 3928 A.
1751 3873 1821 3925 37
1857 3873 1953 3926 uui
1989 3870 2134 3928 fehlt
2169 3872 2229 3930 C.
2325 3872 2398 3926 39
2436 3870 2672 3927 laudaut
2703 3870 2818 3929 Bc.

208 3958 282 4011 42
320 3973 481 4013 omne
517 3972 623 4029 per
660 3972 766 4013 ων.
804 3957 914 4015 Bc.

1087 4241 1305 4318 1092.
1373 4242 1488 4315 De
1540 4268 1597 4313 s.
1647 4240 1969 4315 Nicolao.

219 4439 365 4508 Soli
398 4442 673 4526 justitiae
1571 4465 1755 4511 mens
1799 4463 1934 4511 vox
1979 4452 2047 4509 et
2087 4444 2343 4526 lingua,

220 4544 385 4609 lucis
430 4565 734 4633 supernae
1572 4550 1855 4615 illustrat
1900 4550 2010 4632 qui
2054 4549 2258 4613 solem
2780 4549 2822 4610 5

221 4649 427 4712 omnis
472 4659 663 4721 canat
706 4651 910 4736 digua
1577 4653 2010 4735 materialem,
