3175 5234
366 291 454 356 92

362 476 487 555 Qui
531 476 664 541 bini
708 476 874 540 sicut
918 472 1220 555 gigantes

363 578 495 643 fide
540 578 729 642 factis
774 577 1112 657 elegantes

452 686 745 764 pugnant
791 695 913 761 pro
960 674 1278 754 ecclesia,
1534 670 1616 733 15

365 787 634 850 verbum
682 782 787 845 dei
833 780 1227 844 seminantes

367 908 408 951 a
453 886 722 951 deorum
762 887 1186 961 revocantes,

454 997 685 1072 gentes
729 985 1049 1050 idolatria.

369 1194 604 1259 Petrus
649 1200 930 1257 montem
977 1190 1127 1255 dum
1172 1186 1574 1269 conscendit,

368 1297 562 1379 vidit,
608 1296 726 1360 sed
772 1295 1055 1360 nondum
1098 1290 1445 1375 perpendit
1535 1289 1620 1352 20

453 1398 757 1462 trinitatis
802 1394 1119 1477 gloriam3

368 1500 611 1565 Paulus
655 1505 880 1580 raptus
926 1498 1066 1560 sine
1112 1502 1284 1559 meta

371 1600 519 1664 coeli
563 1597 726 1660 vidit
769 1605 982 1660 mente
1027 1596 1182 1659 laeta

457 1701 853 1765 mansionem
896 1698 1175 1763 tertiam.

370 1903 555 1972 Sicut
599 1903 827 1969 Enoch
872 1911 940 1968 et
980 1901 1163 1968 Elias
1537 1902 1621 1964 25

372 2007 739 2074 antichristi
781 2005 1092 2090 perfidias

367 2111 632 2175 venient
677 2110 1044 2192 destruere,
1093 2125 1253 2190 quas

366 2214 434 2277 in
477 2211 716 2277 mundo
762 2211 1103 2275 seminavit
1147 2209 1346 2273 idem:

368 2317 465 2381 sic
508 2316 576 2379 hi
619 2315 794 2397 magi
841 2311 1155 2394 Simonis,

370 2437 532 2503 quas
577 2419 819 2481 virtute
867 2415 1178 2479 daemonis
1536 2413 1621 2476 30

369 2520 620 2585 invenit
664 2521 987 2583 versutias

371 2623 494 2685 sub
541 2619 806 2684 Herode
852 2621 1103 2698 nimias,

461 2721 924 2786 destruxerunt
966 2717 1236 2803 pridem.

375 2920 546 2987 Illud
592 2920 827 2984 donum
869 2920 1066 2984 Petro
1112 2918 1322 3000 datur,

372 3021 688 3105 Helysaeo
738 3020 910 3103 quod
955 3028 1258 3104 negatur,
1541 3020 1626 3082 35

462 3124 787 3189 suscitare
832 3124 1100 3204 bacu103

372 3228 556 3312 ligno
601 3226 778 3291 Petri
823 3229 926 3291 vir
969 3226 1258 3307 levatur,

369 3331 665 3416 Helysaei
709 3335 820 3417 qui
864 3342 1136 3400 conatur

461 3437 711 3520 signum
757 3439 824 3501 in
867 3437 1161 3522 puerulo.

373 3624 582 3689 Datur
625 3630 854 3707 raptor
898 3622 1078 3704 Elia,
1539 3622 1626 3685 40

371 3724 659 3791 Helisaeo
705 3726 920 3807 gratia

460 3823 702 3909 duplex
747 3823 1154 3908 prophetiae3

373 3927 577 3993 Paulo
624 3926 790 3991 fides
836 3927 1107 4009 contigit

1723 467 1875 532 dum
1920 463 2296 551 Stephanus
2339 466 2496 531 adiit

1808 591 2036 654 regem
2080 570 2484 635 hierarchiae.
2896 569 2986 633 45

1721 732 1894 800 Mira
1939 732 2118 797 Petri
2164 733 2473 797 sanctitas
2493 779 2510 811 ‚

1725 837 1912 920 cujus
1956 839 2248 900 umbram
2298 835 2523 898 feritas

1810 940 2180 1002 morborum
2227 936 2530 1019 expavit,

1725 1059 1798 1104 se
1844 1042 2116 1104 absente
2160 1046 2480 1102 mortuam

1723 1156 1993 1228 precatu
2041 1145 2148 1227 qui
2193 1142 2454 1206 viduam
2898 1141 2992 1205 50

1812 1263 1932 1309 suo
1981 1243 2335 1309 suscitavit.

1723 1406 1992 1472 Paulum
2037 1424 2159 1469 vas
2209 1404 2576 1484 electionis,

1725 1509 2030 1574 infectum
2078 1508 2311 1572 divinis
2358 1506 2578 1588 donis,

1811 1610 1956 1674 visa
2000 1608 2168 1674 coelo
2214 1607 2410 1670 tertio

1727 1730 1856 1776 non
1902 1711 2157 1774 extollit
2200 1726 2612 1789 arcanorum,
2901 1708 2995 1770 55

1728 1814 2022 1879 omnibus
2067 1811 2518 1893 inauditorum,

1814 1916 2122 1997 frequens
2166 1913 2505 1977 revelatio.

1724 2076 2029 2161 Angelus
2074 2077 2248 2141 hunc
2291 2076 2489 2140 solvit
2533 2082 2819 2159 captum,

1728 2179 1999 2244 Paulum
2041 2178 2212 2242 visui
2257 2176 2370 2239 dat
2417 2184 2636 2259 aptum

1813 2303 2039 2348 manus
2083 2279 2399 2347 Ananiae:
2895 2280 2989 2344 60

1726 2389 1838 2453 ille
1883 2386 2065 2451 Petri
2108 2386 2327 2451 vincla
2369 2382 2648 2465 frangit,

1726 2494 1835 2558 hic
1878 2491 2029 2557 dum
2072 2489 2343 2555 Paulum
2375 2508 2566 2553 manu
2612 2487 2842 2570 tangit,

1816 2595 2004 2678 fugat
2050 2610 2419 2677 squammas
2463 2591 2649 2656 facie.

1729 2753 1925 2822 Alter
1969 2771 2124 2817 ense
2171 2752 2565 2834 decollatus,

1731 2857 1965 2922 Petrus
2007 2875 2203 2921 cruce
2248 2855 2629 2920 sublimatus
2900 2855 2990 2917 65

1817 2960 2015 3023 intrat
2060 2958 2208 3024 coeli
2255 2957 2563 3039 gloriam:

1730 3081 1854 3144 per
1900 3077 2062 3142 quos
2106 3059 2294 3124 nobis
2338 3056 2450 3121 det
2494 3063 2839 3140 patronos»,

1731 3171 1864 3228 tam
1907 3168 2280 3226 mansuetos
2324 3167 2391 3223 et
2435 3167 2566 3224 tam
2611 3163 2860 3240 bonos,

1821 3265 1983 3330 deus
2031 3285 2213 3329 suam
2259 3265 2555 3347 gratiam.

1731 3419 1927 3484 Petre
1941 3466 1958 3501 ,
2003 3419 2120 3482 tibi
2164 3416 2318 3482 data
2363 3416 2552 3482 clave
2901 3416 2989 3480 ⁷0

1729 3520 1918 3585 nobis
1965 3517 2150 3602 aperi
2195 3537 2400 3582 suave

1818 3622 2121 3686 trinitatis
2166 3621 2434 3703 solium3

1730 3723 1966 3808 Paule,
2011 3726 2170 3790 nulli
2211 3725 2748 3807 comprehensum

1729 3847 1956 3892 resera
2000 3829 2113 3892 tibi
2162 3836 2491 3892 ostensum

1818 3930 1966 3996 coeli
2011 3933 2450 3997 secretarium.
2899 3933 2987 3995 75

549 4107 645 4164 lis.
682 4124 751 4162 zu
789 4105 1172 4177 Kreuzlingen
1208 4105 1300 4161 bei
1335 4106 1641 4179 Konstanz,
1680 4111 1751 4163 14
1784 4108 1983 4165 Jahn-h.
2017 4108 2119 4163 mit
2153 4108 2260 4164 den
2297 4108 2501 4165 Noton.

548 4249 582 4299 9
619 4246 889 4312 salutare,
926 4244 1022 4299 Hs.
1095 4247 1165 4298 10
1192 4245 1579 4315 aeternitatem,
1618 4247 1711 4302 Hs·

1784 4248 1854 4301 28
1884 4245 1983 4300 des
2011 4246 2220 4300 Verses
2246 4261 2450 4317 wegen
2477 4245 2689 4301 konnte
2715 4249 2771 4301 in
2787 4247 2992 4303 mando

372 4330 745 4401 wegbleiben,
786 4331 874 4385 die
903 4331 1153 4401 Strophe
1189 4333 1408 4388 scheint
1442 4334 1547 4388 mir
1582 4333 1723 4387 aber
1760 4333 2096 4389 verdorben.
2170 4334 2240 4386 53
2273 4332 2569 4401 invectum,
2603 4332 2698 4388 Hs.
2770 4333 2843 4389 54
2869 4333 2995 4388 vivi

375 4447 440 4458 —-
481 4416 666 4485 tertia,
702 4418 800 4473 Hs.
870 4420 940 4470 62
976 4425 1132 4490 tang.
1171 4416 1330 4473 fehlt.
1401 4420 1470 4473 65
1512 4435 1751 4489 crucem,
1785 4421 1882 4476 Hs.
2370 4444 2408 4456 -

545 4554 612 4608 V.
648 4554 698 4608 6.
751 4550 1015 4610 firmitate
1053 4556 1235 4610 nimia.
1289 4557 1564 4613 Soliditas
1612 4558 1766 4613 illius
1814 4555 1975 4626 fidei,
2029 4573 2155 4627 quae
2205 4558 2260 4612 in
2298 4559 2694 4627 apostolorum
2730 4555 2993 4628 principe

370 4645 459 4697 est
496 4640 757 4710 laudata,
806 4646 1080 4711 perpetua
1116 4646 1231 4697 est:
1289 4648 1349 4698 et
1382 4643 1530 4700 sicut
1563 4649 1885 4716 permanet,
1940 4644 2093 4714 quod
2128 4644 2186 4698 in
2223 4644 2452 4701 Christo
2490 4645 2690 4700 Petrus
2729 4642 2992 4712 credidit,
