3175 5234
431 258 478 320 2

431 443 760 510 Coelorum
806 443 1012 507 omnis
1058 440 1355 525 spiritus,

428 566 667 612 novem
713 546 902 611 divisi
946 544 1291 629 gradihuS,

431 648 538 713 dei
582 656 944 731 praesentes
990 646 1305 725 vultibuS,

432 752 591 816 meis
635 753 853 816 favete
899 751 1190 816 vocibus.

435 930 648 995 Senes
696 930 927 1010 viginti
976 936 1280 1009 quatuor,

433 1030 580 1097 haec
627 1032 879 1111 offerte,
928 1049 1073 1112 quae
1118 1028 1469 1111 deprecor,

434 1135 545 1217 qui
596 1131 862 1199 citharis
907 1139 973 1195 et
1017 1131 1252 1215 phialis

436 1236 765 1301 orationes
809 1233 1090 1298 funditis,

434 1415 960 1481 Patriarcharum
1007 1414 1319 1497 dignitaS,

434 1516 903 1601 prophetarum
949 1517 1330 1592 sublimium,

435 1619 641 1681 vestri
687 1619 863 1699 regis
910 1618 1281 1700 praesentiae

437 1726 646 1789 verba
689 1726 1018 1809 precantis
1064 1725 1315 1789 solvite.

437 1903 773 1968 Johannes
821 1905 1061 1970 Christi
1105 1906 1425 1989 praevius,

440 2007 727 2090 bapt-ista
772 2008 951 2092 regis
998 2009 1307 2091 inclytus,

434 2109 702 2193 festina,
749 2133 830 2177 ne
878 2112 1272 2195 tardaveris,

436 2214 650 2278 labem
697 2234 923 2280 secare
972 2217 1276 2280 vulneris.

437 2394 640 2471 Quem
685 2397 905 2457 matris
952 2395 1207 2460 clausus
1251 2404 1436 2460 utero

436 2503 616 2561 motu
658 2497 885 2579 prodis
931 2515 1288 2581 corporee,

437 2618 629 2681 quem
675 2599 1129 2664 demonstrasti
1174 2600 1415 2683 digito,

434 2700 545 2773 fac
589 2700 935 2766 subvenire
981 2701 1233 2764 misero,

440 2879 741 2945 Goelestis
789 2883 975 2964 regni
1020 2882 1348 2965 claviger,

440 2982 888 3067 apostolorum
934 2984 1239 3066 signifer,

440 3084 635 3150 Petre
655 3133 672 3166 ,
718 3087 965 3166 primus
1010 3088 1076 3151 in
1121 3088 1385 3170 ordine,

437 3187 856 3270 fragilitatem
902 3191 1140 3275 aspice.

434 3366 568 3434 Per
604 3377 668 3433 te
713 3389 893 3434 mens
939 3379 1050 3435 tua
1084 3370 1341 3450 videat,

436 3471 591 3554 quid
639 3489 784 3533 sors
829 3472 1109 3535 humana
1150 3473 1399 3552 valeat,

434 3581 504 3638 et
547 3573 698 3637 dum
724 3574 834 3636 ‘tui
876 3575 1272 3655 memineris,

318 3706 325 3713 .
435 3680 759 3738 memento
809 3674 1001 3738 casus
1046 3673 1339 3739 hominis.
1432 3722 1443 3734 .

436 3836 531 3900 Te
569 3846 880 3919 poscente
928 3835 1332 3902 clementiam

435 3934 745 4004 cirtendat
790 3936 942 4000 mihi
988 3937 1357 4021 dexteram,

435 4041 545 4124 qui
588 4049 654 4104 te
701 4038 1040 4123 suspendit
1084 4039 1374 4124 flumine,
1426 4032 1433 4049 ⁸

435 4143 584 4208 dum
632 4145 746 4208 tibi
790 4144 979 4208 dixit:
1031 4141 1394 4227 „modice“!

430 4304 636 4372 Solve
682 4309 902 4374 reatus
948 4311 1206 4376 vincula

429 4412 515 4475 ab
566 4410 693 4474 hoc
712 4399 889 4474 ‘data
931 4414 1258 4497 potentin,

432 4509 624 4597 quem
669 4516 938 4581 verbum
984 4516 1089 4581 dei
1134 4520 1454 4601 nominas,

431 4636 475 4680 a
521 4636 648 4705 quo
694 4618 952 4681 vocaris
996 4626 1063 4682 et
1108 4618 1388 4704 Cephas.

1598 744 1682 807 60

1602 1413 1683 1473 65

1603 2604 1685 2663 75

1601 3194 1686 3258 80

1600 3841 1687 3905 85

1602 4418 1684 4482 90

1788 432 1989 498 Paule
2006 482 2023 515 ,
2071 439 2139 497 tu
2183 431 2414 497 doctor
2459 430 2745 514 gentium

1791 542 1856 600 et
1901 534 2141 598 Christi
2189 534 2653 613 testimonium,

1790 638 1899 720 qui
1947 638 2064 701 toti
2109 636 2346 701 mundo
2391 635 2746 719 praedicas,

1789 759 1981 826 opem
2025 741 2323 805 conferre
2371 739 2653 804 studeas,

1788 919 2156 999 Johannes,
2195 918 2300 983 dei
2347 920 2593 1001 gratia,

1790 1024 2042 1088 subtilis
2089 1023 2270 1087 velut
2314 1022 2530 1103 aquila
2551 1070 2568 1100 ,

1789 1126 1935 1210 ipso
1979 1144 2080 1188 me
2125 1124 2305 1187 sonte
2351 1124 2545 1204 satia,

1792 1228 1976 1312 cujus
2022 1228 2265 1312 potasti
2306 1226 2584 1291 flumina.

1792 1406 1916 1484 Qui
1960 1407 2073 1470 tibi
2120 1413 2386 1469 matrem
2435 1404 2645 1468 sociat

1793 1520 1860 1575 et
1906 1510 2054 1574 coeli
2099 1508 2321 1574 clausa
2366 1513 2649 1586 reserat,

1791 1631 1956 1677 meae
2002 1618 2233 1695 parcat
2268 1611 2574 1691 miseriae,

1793 1718 1886 1782 tui
1929 1716 2236 1800 precatus
2282 1734 2565 1779 munere.

1792 1896 2263 1981 Apostolorum
2308 1896 2544 1977 ceteri,

1795 2000 2224 2083 evangelista}
2270 1999 2412 2081 alii,

1795 2104 2253 2188 discipulorum
2300 2102 2591 2184 agmina,

1794 2208 1939 2271 haec
1969 2207 2201 2290 juvate
2247 2207 2637 2289 precamina.

1793 2389 1933 2452 Vos
1976 2390 2356 2453 innocentes
2393 2380 2608 2471 pueri,

1794 2494 1904 2577 qui
1947 2511 2071 2577 pro
2108 2492 2369 2556 Christo
2414 2490 2830 2573 truncamini,

1794 2605 2018 2662 vestra
2063 2597 2214 2661 date
2261 2594 2583 2676 subsidia,

1796 2702 1905 2784 qui
1952 2700 2273 2765 clamatis:
2325 2716 2486 2783 „nos
2529 2694 2884 2762 vindica!“

1798 2880 1852 2946 Ο
1896 2888 2340 2965 protomartyr
2376 2877 2741 2963 Stephane,

1800 2993 1869 3049 tu
1912 2985 2156 3069 primus
2199 2986 2264 3049 in
2310 2985 2662 3051 certamine
2682 3032 2699 3066 ,

1795 3088 2012 3154 haeres
2059 3091 2300 3154 sacrati
2341 3090 2645 3171 nominis,

1798 3189 2027 3255 adesto
2074 3189 2431 3254 desideriis.

1795 3367 2009 3452 Caput
2057 3367 2262 3432 nudas
2310 3368 2667 3450 lapidibus,

1795 3470 1944 3541 coeli
1989 3477 2173 3553 patet
2214 3471 2549 3552 introitus,

1793 3572 2020 3637 Jesum
2066 3581 2344 3637 stantem
2389 3572 2802 3657 consideras,

1793 3694 2064 3740 securus
2108 3676 2334 3741 hostes
2381 3676 2656 3758 toleras;

1795 3837 2010 3904 Orasti
2053 3840 2241 3905 flexis
2284 3843 2561 3923 genibus

1792 3960 1917 4026 pro
1959 3943 2229 4009 inimicis
2273 3963 2581 4028 cernuus,

1792 4063 1916 4130 pro
1962 4048 2366 4132 supplicante
2413 4050 2677 4114 servulo

1792 4147 2157 4231 intercede,
2206 4158 2271 4213 te
2315 4152 2596 4234 postulo.

1793 4311 1893 4377 Tu
1936 4319 2185 4395 martyr
2227 4312 2677 4396 invictissime,

1796 4414 2085 4499 Albane,
2130 4417 2233 4480 vir
2267 4416 2624 4498 mitissime,

1790 4523 1937 4607 pius
1984 4521 2215 4586 adesto
2259 4523 2524 4586 servulo

1792 4636 1858 4691 te
1905 4626 2284 4710 deprecanti
2329 4625 2577 4691 sedulo.

2991 641 3074 701 95

2940 1228 3063 1291 100

2939 1899 3055 1962 105

2933 2494 3046 2556 11⁰

2930 3091 3043 3152 115

2930 3681 3046 3745 120

2921 4321 3043 4383 125
3111 4396 3112 4399 Ν
