3175 5234
397 439 478 493 aa
506 451 779 507 vesperas,
817 438 1118 509 antiphona.

195 559 397 616 Gaude
441 558 572 613 diva
608 558 770 614 radix
804 559 1060 628 levitica,

194 647 343 701 tanti
381 646 532 701 rami
567 647 708 701 dans
744 646 910 701 nobis
946 645 1186 717 gandia,

191 734 383 803 magis
427 737 614 787 tamen
650 732 885 803 plaudet
918 732 1164 787 ecclesia

195 819 458 890 apostoli
495 821 694 876 dotata
727 820 923 891 gloria

191 906 461 962 matthaei
495 907 786 978 regnantis
817 907 876 961 in
911 906 1116 976 patria.

563 1056 968 1124 responsorium.

191 1177 336 1231 Dum
375 1176 680 1232 Matthaeus
718 1174 1001 1229 Christum
1034 1171 1222 1243 fatur,

261 1265 603 1320 Maurorum
638 1263 796 1334 regis
831 1258 954 1316 filia

2624 266 2754 336 13³

1571 440 1710 495 vivo
1745 440 1926 496 verbo
1962 441 2273 512 inspiratur

1642 526 1903 582 coelibum
1937 533 2070 582 tunc
2107 532 2456 604 constantia,

1565 612 1761 683 sicque
1799 613 2029 669 Christo
2066 614 2445 685 desponsatur

1636 699 1876 771 insignis
1911 699 2205 772 Epigenia.

1792 873 1829 898 '
1928 879 2003 935 ad
2032 883 2323 936 maxumas.

1565 994 1867 1052 Transfert
1901 998 1994 1052 dei
2030 999 2106 1053 ad
2138 999 2370 1056 Mauros
2406 996 2582 1058 filium

1567 1082 1867 1138 matthaeus
1905 1084 2044 1139 dans
2081 1084 2164 1139 eis
2199 1086 2521 1154 consilium,

1565 1174 1631 1224 ut
1664 1169 1960 1226 credentes
1996 1177 2130 1242 post
2167 1173 2277 1227 hoc
2312 1171 2540 1228 exilium

1567 1257 1837 1330 triumphi
1871 1259 2178 1330 suscipiant
2214 1259 2408 1313 lilium.
2446 1265 2553 1314 etc.

301 1404 377 1459 V.
416 1405 575 1457 1-3,
622 1401 753 1465 τοὺς
781 1400 918 1465 σούς
944 1398 1304 1466 ἀποστόλους,
1338 1399 1487 1457 θεοῦ
1513 1397 1656 1476 λάμ,
1683 1398 1979 1474 φωστῆρας
2007 1396 2289 1466 &redut—'ac
2305 1397 2462 1472 ζωῆς.
2499 1402 2644 1457 NoV.
2660 1403 2746 1457 16.

302 1490 373 1545 V.
413 1491 465 1544 9.
502 1491 590 1542 10.
643 1487 712 1562 τῇ
746 1488 817 1561 σῇ
851 1489 1210 1551 καθοπλίσας
1248 1492 1552 1559 παντευχίᾳ
1582 1490 1907 1554 Ματθαῒον,
1943 1485 2155 1561 σωτὴρ,
2190 1484 2470 1562 τυράννων
2505 1487 2748 1546 damni-⁵

138 1593 282 1650 repone
319 1573 588 1651 εἰργάσω.
637 1574 777 1630 lbid.

285 1885 469 1959 723.
549 1881 864 1957 Simonis
918 1881 1254 1957 Cananaei
1312 1892 1382 1956 et
1432 1881 1648 1956 Judae
1696 1880 2044 1953 Thaddaei
2098 1882 2595 1981 apostolorum.

136 2081 329 2151 Salve
377 2075 606 2152 Simori
651 2084 980 2152 Cananaee
995 2133 1013 2169 ,

213 2207 410 2271 quem
455 2189 658 2272 elegit
701 2183 1025 2269 dominus,

136 2291 312 2357 salve
358 2291 542 2358 Juda
583 2292 696 2356 vel
740 2290 1102 2372 Thaddaee,

213 2393 519 2460 Christus
561 2393 971 2458 nihilominus

135 2503 325 2561 vocat
370 2494 458 2559 ad
502 2494 939 2578 apostolatum

214 2616 339 2664 vos
387 2596 921 2679 misericorditer,

135 2701 318 2765 vobis
368 2700 686 2765 exhibens
724 2706 1071 2782 cognatum

215 2822 287 2867 se
336 2801 755 2867 familiariter.

142 2985 243 3054 Ad
282 2987 673 3073 Abagarum
716 2988 986 3069 venisti,

216 3095 515 3159 coelibem
565 3092 1026 3174 christicolam,

139 3203 202 3258 ut
237 3197 627 3280 promissum
672 3196 796 3260 sibi
841 3193 1082 3260 Christi

215 3309 363 3367 erat
404 3321 529 3384 per
574 3302 945 3385 epistolam,

141 3419 271 3466 cum
320 3422 449 3484 qua
494 3402 639 3486 ejus
684 3403 1085 3485 confricasti,

214 3515 443 3571 sancte
489 3505 689 3589 Juda,
737 3506 968 3570 faciem

139 3614 198 3670 et
240 3629 284 3671 a
331 3608 519 3690 lepra
562 3627 714 3676 mox
759 3607 1031 3690 curasti,

213 3712 460 3776 claram
502 3710 787 3776 reddens
835 3711 1138 3794 speciem.

137 3895 258 3963 Per
306 3900 606 3965 diversas
651 3909 863 3967 terras
906 3901 1050 3967 istis

211 4002 624 4087 praedicandi
666 4007 908 4088 gratia,

140 4105 318 4169 simul
360 4106 696 4171 Persidem
741 4110 1010 4174 venistis

215 4208 323 4273 dei
369 4211 819 4295 providentia,

138 4311 239 4377 ubi
283 4332 516 4396 magos
559 4315 909 4379 illudentes

216 4416 417 4480 noxie
464 4416 827 4485 hominibus

143 4523 200 4578 et
242 4525 585 4600 serpentes
630 4518 1070 4604 producentes

217 4627 448 4687 contra
493 4640 615 4688 vos
662 4624 1052 4690 carminibus

1486 2083 1870 2167 Effugastis,
1919 2101 2081 2165 quos
2127 2091 2469 2167 serpentes
2657 2086 2741 2149 25

1567 2188 1762 2273 jussu
1803 2192 2028 2251 vestro
2073 2185 2415 2269 laeserant,

1489 2288 1894 2373 tigridesque
1939 2289 2319 2370 saevientes,

1577 2391 1688 2474 qui
1731 2392 1954 2475 plures
1999 2400 2435 2476 necaverant,

1344 2495 1384 2556 5
1487 2495 1854 2578 repulistis,
1902 2502 1970 2558 et
2011 2503 2342 2560 morantes

1579 2598 1673 2662 ibi
1715 2599 1951 2663 multos
1996 2601 2277 2683 populos
2659 2602 2746 2666 30

1490 2701 1903 2766 convertistis
1947 2703 2358 2784 baptizantes

1578 2809 1649 2867 et
1695 2802 2008 2869 docentes
2046 2805 2329 2872 sedulos.

1490 2991 1678 3075 Magi
1725 3010 1887 3056 vero
1932 2994 2329 3075 instigabant

1304 3092 1385 3155 10
1581 3104 1649 3159 et
1693 3096 1901 3159 insani
1946 3095 2327 3179 pontifices,

1493 3197 1604 3280 qui
1645 3202 1798 3280 post
1841 3195 1967 3261 hoc
2009 3214 2130 3259 vos
2166 3199 2610 3284 captivabant,
2660 3203 2743 3264 35

1580 3317 1661 3363 ac
1705 3315 1928 3362 eorum
1977 3298 2359 3382 complices,

1489 3420 1613 3468 vos
1659 3402 1744 3467 ad
1788 3400 1967 3467 idola
2011 3402 2345 3466 trahentes

1578 3506 1914 3572 immolare
1959 3506 2256 3590 incitant,

1300 3610 1384 3673 15
1490 3632 1614 3695 per
1658 3630 1781 3676 vos
1827 3610 2156 3675 daemones
2201 3611 2551 3678 frementes

1495 3801 1512 3808 ὗ
1578 3732 1651 3777 se
1696 3715 1986 3797 torqueri
2034 3714 2380 3782 clamitant.
2660 3699 2755 3782 40'

1489 3903 1961 3988 Daemonesque
2011 3905 2099 3969 dii
2146 3907 2530 3992 templorum

1577 4007 1752 4088 nigri
1794 4015 1867 4070 ut
1912 4008 2216 4092 fuligines

1492 4117 1902 4199 apparebant
1944 4115 2264 4180 idolorum

1301 4218 1386 4281 20
1578 4218 1961 4300 frangentes
2005 4218 2342 4300 imagines.

1492 4323 1577 4387 ob
1623 4320 1751 4386 hoc
1795 4321 1983 4404 plebs
2026 4338 2149 4384 vos
2195 4319 2512 4387 cruciavit
2655 4323 2740 4385 45

1577 4429 1903 4506 martyres
1950 4421 2279 4487 constituit
2299 4473 2315 4505 ,

1490 4525 1709 4609 fulgur
1754 4525 2059 4609 templum
2106 4524 2472 4591 devastavit

1576 4646 1936 4712 magosque
1982 4630 2363 4696 comminuit.
