3175 5234
363 338 502 406 230

373 528 648 613 Rejecta
691 526 1096 593 saecularium

371 648 531 696 cura
571 628 1100 713 praetereuntium

370 732 542 797 tollit
580 748 781 796 morae
821 729 1253 814 dispendium,
1540 730 1624 791 15

374 832 674 899 mundum
719 834 886 916 fugit
928 838 996 898 et
1038 832 1278 897 vitium.

378 1018 627 1104 Spiritu
672 1019 834 1084 duce
879 1020 1126 1103 agitur,

369 1125 437 1187 in
479 1122 807 1187 desertum
854 1121 1224 1204 adducitur,

376 1242 534 1290 caro
577 1226 753 1290 victa
795 1225 1259 1308 prosternitur,

300 1354 307 1361 ·
373 1330 604 1394 mentis
647 1329 783 1413 legi
827 1329 1183 1411 subjicitur.
1536 1328 1621 1390 20

1730 520 1986 606 Regula
2029 523 2184 587 vitae
2232 520 2564 604 scribitur,

1730 627 1905 690 facto
1950 622 2246 691 doctrina
2287 622 2616 709 proditur,

1729 728 2002 793 fratrum
2046 735 2253 794 coetus
2298 727 2631 812 adjicitur,

1729 836 2022 895 sanctum
2064 847 2297 894 nomen
2342 829 2709 895 effunditur.
2794 886 2801 893 .

1733 1014 1946 1081 Patris
1990 1015 2167 1080 beati
2208 1014 2442 1080 merito
2899 1019 2988 1081 25

1727 1118 1904 1200 laus,
1954 1125 2021 1181 et
2061 1118 2273 1182 honor
2316 1118 2605 1203 ingenito
2616 1166 2636 1202 ,

1733 1220 1948 1302 gloria
1992 1222 2354 1305 unigenito,

1728 1323 1937 1387 virtus
1981 1341 2225 1390 summa
2269 1327 2603 1409 paraclito.

548 1513 645 1567 Hs.
699 1528 814 1567 von
863 1512 922 1567 S.
968 1511 1139 1567 Peter
1194 1528 1263 1566 zu
1313 1509 1602 1583 salzburg
1637 1509 1749 1580 JV,
1787 1512 1839 1562 7.
1891 1509 1994 1564 des
2032 1512 2100 1563 15
2134 1509 2331 1566 Jahrb.
2381 1511 2513 1580 (A).
2582 1511 2677 1567 Hs.
2727 1512 2988 1570 daselbst

367 1599 434 1669 n,
466 1599 538 1652 26
573 1599 700 1669 (Β).
756 1597 852 1653 Hs.
891 1597 1148 1653 daselbst
1192 1598 1257 1661 V,
1294 1598 1328 1653 8
1367 1597 1494 1667 (Ο).
1550 1596 1648 1653 Es.
1685 1612 1800 1651 von
1827 1597 2246 1669 Thierhaupten
2281 1614 2352 1653 zu
2377 1598 2651 1655 Mfinchen
2669 1598 2982 1675 No.e(n),

365 1685 481 1740 alle
515 1685 616 1740 des
654 1689 722 1740 15
756 1686 954 1742 Jahrb.

542 1810 611 1864 13
648 1808 874 1881 dejecta
907 1809 1067 1865 ABG.
1143 1810 1211 1863 14
1247 1823 1386 1863 cura
1421 1804 1567 1863 fehlt
1602 1807 1665 1861 D.
1734 1807 1805 1860 22
1841 1803 1996 1861 facta
2030 1806 2096 1860 Α.

1207 2122 1385 2197 844.
1457 2123 1575 2195 De
1625 2146 1680 2193 s.
1722 2119 2131 2194 Benedicto.

372 2330 594 2397 Plenae
635 2330 865 2394 messis
911 2328 1249 2411 manipulis
1268 2375 1286 2410 ‚

372 2433 787 2513 congregatis
836 2430 1168 2513 discipulis
1185 2474 1204 2509 ,

369 2533 546 2596 miris
590 2530 894 2615 splendet
935 2530 1262 2595 miraculis

368 2637 495 2700 viae
541 2635 809 2700 lucerna
850 2634 1109 2718 populis

368 2825 444 2891 In
486 2824 889 2908 paupertatis
934 2822 1197 2907 praediis
1417 2821 1424 2827 ’
1581 2823 1620 2884 5

372 2926 689 2992 duodenis
733 2926 1044 2990 coenobiis

372 3028 726 3093 distributis
773 3030 838 3092 in
883 3027 1032 3093 filiis

370 3149 451 3197 ac
496 3137 864 3195 sanctorum
910 3131 1224 3212 collegiis.

368 3322 526 3389 Post
569 3340 866 3407 specum,
913 3340 1102 3406 quem
1145 3320 1447 3402 incoluit,

368 3426 480 3491 ubi
524 3425 636 3489 lux
681 3423 919 3489 mundo
964 3424 1228 3505 claruit,
1536 3421 1618 3483 10

369 3535 650 3590 castrum
695 3526 1030 3590 Cassinum
1075 3524 1280 3589 tenuit
1298 3570 1315 3602 ,

369 3629 473 3692 cui
517 3628 781 3710 praefuit
823 3635 890 3691 et
932 3627 1191 3711 profuit.

365 3810 531 3877 Hinc
574 3817 725 3895 post
767 3812 1072 3874 virtutum
1123 3812 1440 3877 cumulum

1727 2328 1952 2392 mortis
1996 2327 2193 2412 hujus
2239 2331 2639 2412 ergastulum

1728 2430 1993 2495 solvens
2038 2439 2106 2494 et
2149 2432 2365 2495 carnis
2410 2433 2733 2499 vinculum
2899 2438 2977 2501 15

1725 2532 1957 2597 transit
1999 2534 2086 2599 ad
2131 2535 2238 2599 dei
2283 2536 2609 2621 populum.

1725 2770 2024 2837 Fratrem
2039 2820 2057 2855 ,
2103 2790 2395 2838 sororem
2441 2775 2721 2858 populus

1724 2873 1925 2940 deflet
1964 2883 2032 2940 et
2074 2878 2279 2941 omnis
2318 2878 2574 2959 oculus,

1726 2996 1888 3060 quos
1936 2987 2305 3045 sanctorum
2349 2981 2697 3047 fasciculus

1725 3089 1949 3145 servat
1991 3088 2058 3146 et
2098 3081 2270 3146 idem
2314 3083 2608 3148 tumulus.
2890 3084 2974 3151 20

1723 3296 2114 3365 Benedictus
2157 3302 2225 3365 in
2268 3301 2482 3385 gratia
2501 3350 2519 3385 ,

1723 3402 2103 3469 benedictus
2144 3403 2209 3468 in
2248 3404 2469 3487 gloria

1724 3504 1912 3568 nobis
1957 3503 2040 3568 de
2083 3506 2232 3570 coeli
2274 3506 2454 3571 curia

1723 3611 1916 3686 grata
1958 3604 2130 3670 ferat
2175 3606 2428 3670 auxilia.

1721 3814 1934 3881 Patris
1979 3819 2155 3883 beati
2190 3820 2420 3884 merito
2466 3828 2587 3885 etc.

538 3997 665 4053 Hss.
701 4010 815 4052 von
854 3994 913 4052 S.
955 3994 1125 4052 Peter
1159 4013 1228 4051 zu
1263 3996 1549 4070 Salzburg
1584 3997 1678 4069 lv,
1714 4002 1750 4052 7
1784 4000 1895 4054 und
1934 4000 1999 4070 V,
2035 4002 2085 4057 8.
2154 4003 2326 4058 Beide
2373 4003 2473 4058 des
2512 4005 2579 4057 15
2614 4003 2811 4060 Jahrb.
2859 4001 2968 4058 und

360 4083 793 4158 gleichlautend.

677 4385 851 4460 845.
924 4387 1013 4456 In
1064 4385 1281 4461 natali
1335 4411 1391 4458 s.
1432 4386 1804 4460 Benedicti
1850 4386 2128 4460 abbatis
2174 4390 2662 4487 (troparium).

367 4598 426 4660 1.
490 4592 718 4658 Sancti
760 4596 990 4660 merita

494 4694 832 4762 Benedicti
872 4698 1091 4764 inclita

1716 4602 1777 4665 2.
1845 4599 2177 4666 Verendae
2218 4601 2580 4666 sanctitatis

1848 4720 1929 4768 ac
1970 4703 2428 4768 monachorum
2469 4700 2772 4786 praesulis
