3175 5234
453 467 522 525 ct
566 458 944 541 obsequitur
1815 476 1935 524 nos
1980 467 2048 522 et
2092 475 2329 524 severo

451 557 902 628 incarceratae'
1491 561 1574 624 45
1814 576 1945 624 non
1990 560 2186 642 tradi,
2234 561 2350 624 sed
2398 577 2559 625 vero

450 663 759 727 coelorum
810 667 1015 725 coetus
1813 660 2166 726 reconcilia
2210 659 2332 725 nos
2377 655 2688 742 creatori,
2754 702 2763 708 -

447 765 563 828 tibi
606 764 862 827 victrici
905 765 1155 845 beatae,
1814 764 1951 843 sac,
1998 771 2069 826 ut
2112 764 2485 846 temptatori

450 869 554 931 cui
602 867 895 932 dominus
1811 883 1942 930 non
1988 870 2515 950 succumbamus,
2871 869 2961 930 ⁷5
3016 862 3025 868 ’

446 967 643 1033 Jesus
689 967 989 1033 Christus
1034 986 1365 1052 apparens
1812 970 1930 1034 sed
1974 973 2339 1037 nocentium

453 1070 779 1135 confortat
823 1078 888 1134 te
935 1071 1358 1136 nihilominus.
1487 1069 1572 1133 5⁰
1811 1072 2078 1138 insidias
2125 1073 2560 1140 devincamus.

445 1234 607 1300 Hinc
649 1252 889 1301 manna
929 1251 1148 1300 emm

452 1339 568 1404 tibi
613 1337 907 1402 redditur

449 1441 663 1503 oranti
685 1486 702 1520 ,
749 1439 899 1503 dum

454 1561 585 1606 vox
628 1543 794 1607 coelo
842 1542 1111 1605 mittitur

1683 1288 1743 1350 ’1.
1806 1286 1970 1352 Audi
2011 1304 2128 1352 nos

1814 1409 1966 1458 nam
2009 1396 2070 1455 le
2107 1389 2401 1455 dominus

1812 1509 2117 1575 sponsam
2167 1510 2347 1556 suam
2394 1494 2701 1571 honorat3
2856 1493 2947 1558 80

452 1654 519 1709 et
562 1646 956 1728 promittitur
1155 1659 1163 1666 ·
1491 1644 1573 1705 55
1810 1644 2004 1711 Salva
2044 1662 2194 1723 ²103,

452 1766 576 1831 pro
621 1749 854 1830 quibus
900 1765 1052 1812 oras
1810 1747 1999 1827 Jeme,
2042 1763 2162 1830 pro
2206 1746 2426 1829 quibus

452 1852 775 1932 solamen3
822 1852 1044 1934 sicque
1810 1847 2168 1913 Kathcrina
2217 1854 2277 1914 te
2320 1855 2479 1915 orat.

454 1955 778 2019 decollata
823 1955 992 2019 lacte
1030 1971 1261 2018 rorans

452 2057 601 2121 hino
645 2058 1062 2138 subveheris,
1678 2070 1738 2131 8.
1802 2066 1901 2131 Da
1943 2067 2177 2151 fontem
2221 2068 2310 2131 tui
2357 2066 2580 2130 lateris

452 2159 965 2242 angelorumque
1012 2179 1205 2226 manu
1489 2158 1572 2220 60
1811 2188 1932 2233 nos
1980 2168 2330 2233 emundare
2377 2169 2634 2252 penitus
2853 2168 2944 2231 85

452 2263 518 2326 in
562 2271 781 2328 monte
827 2262 1011 2346 Syna
1056 2263 1423 2345 deponeris
1810 2293 1850 2335 a
1893 2272 2044 2337 labe
2090 2271 2408 2347 criminis,

1816 2427 1952 2508 Quo
1998 2428 2227 2492 haustu
2272 2425 2692 2508 indulgentiae

1809 2530 2123 2594 ducamur
2170 2528 2251 2592 ad
2302 2530 2593 2594 coelestia

1808 2653 1998 2697 manu
2046 2632 2423 2698 clementiae.

320 2481 381 2542 6.
445 2478 576 2543 Fac
616 2477 881 2561 fontem,
925 2475 1078 2537 viva

457 2600 646 2664 quem
691 2589 762 2644 ut
807 2578 981 2642 oliva

451 2684 692 2758 fundiS,
739 2684 883 2746 haec
925 2681 1156 2746 laesiva

451 2797 868 2870 peccatorum
890 2788 1162 2850 vulnera
1192 2806 1441 2868 curare,
1491 2787 1571 2847 65

454 2908 703 2970 nosque
752 2889 1069 2973 solidare,
1677 2851 1738 2911 9·
1806 2848 2268 3013 ῗῆῒὶδίὶαπὶδθηὶ
2312 2846 2547 2911 donum
2854 2849 2939 2911 90

461 3013 542 3056 ¹¹⁶
589 3012 998 3077 mmm*
1810 2954 2359 3116 02253350¹¹⁰⁰¹

456 3096 574 3159 sed
620 3106 770 3180 post
816 3099 1145 3162 criminum

504 3201 518 3214 .
672 3201 685 3214 .
1811 3161 2004 3235 teque
2051 3155 2144 3218 sic
2191 3154 2404 3236 sitire,

454 3207 791 3264 victoriam
839 3220 1240 3266 coronemur.

1808 3266 1879 3322 ut
1923 3278 2284 3323 mercamur
2329 3266 2481 3341 post
2526 3257 2785 3320 exilium

452 3363 583 3428 Fac
625 3367 759 3446 ἐφη·
801 3365 945 3429 fero
1492 3363 1573 3425 70
1811 3368 2037 3424 auctor
2083 3358 2166 3422 ad
2211 3366 2277 3422 te
2324 3361 2621 3422 transire.
2848 3360 2933 3422 95

495 3602 592 3656 Hs.
636 3619 704 3655 zu
759 3601 817 3656 S.
854 3601 996 3655 Paul
1035 3601 1092 3655 in
1130 3600 1384 3656 Karnten
1434 3599 1539 3654 No.
1573 3599 1661 3654 48.
1715 3601 1780 3653 14
1810 3598 2007 3654 Jahrb.
2060 3599 2161 3653 mit
2195 3598 2296 3652 der
2332 3598 2575 3654 melodia
2628 3600 2758 3668 (Α).
2830 3598 2929 3653 Hs.

324 3706 394 3744 zu
432 3689 489 3743 S.
530 3688 699 3742 Peter
735 3689 793 3742 in
830 3688 1114 3759 salzburg
1153 3688 1265 3755 vll,
1304 3690 1354 3742 2.
1395 3689 1460 3742 1³
1495 3687 1695 3743 Janrh.
1734 3686 1834 3742 mit
1868 3686 1969 3740 der
1997 3686 2236 3741 melodie
2274 3687 2399 3756 (Β).
2468 3685 2634 3740 Diese
2671 3685 2931 3757 Sequenz

319 3778 401 3831 ist
437 3775 562 3829 eine
599 3776 1038 3845 Uebertragung
1074 3760 1604 3830 des‘Marienliedes
1651 3777 1760 3830 Ave
1789 3778 2055 3845 proeclara
2101 3775 2238 3848 (N⁰:
2275 3777 2413 3844 555)
2464 3771 2571 3828 anf
2597 3772 2685 3827 die
2721 3773 2777 3826 h.
2816 3772 2933 3826 Ka-

320 3860 573 3927 then-ina,
617 3862 726 3915 und
765 3860 1027 3930 obgleich
1064 3877 1126 3914 es
1164 3860 1560 3932 durchgiingig
1597 3861 1838 3940 gereimt
1874 3860 2090 3930 wurde,
2139 3877 2205 3916 so
2245 3862 2345 3914 hat:
2380 3875 2441 3914 es
2482 3860 2537 3914 in
2578 3860 2678 3915 der
2714 3858 2929 3915 neber-

320 3948 622 4019 arbeitung
673 3947 814 4001 doch
855 3946 941 3999 die
978 3947 1147 4001 Form
1186 3947 1287 4001 der
1324 3947 1642 4017 Troparien
1679 3947 1833 4003 nicht
1868 3948 2132 4002 verloren
2187 3946 2296 4001 und
2343 3946 2419 4001 ist
2462 3945 2562 4001 mit
2607 3945 2790 4000 violer
2822 3945 2931 4002 Ge·

325 4036 641 4092 wandtheit
677 4037 952 4109 gemacht.

501 4211 568 4262 10
604 4210 769 4280 culpa
808 4212 871 4265 A.
945 4211 1015 4264 36
1053 4214 1363 4265 terrentem
1400 4208 1463 4264 Β.
1535 4210 1608 4263 40
1643 4207 1891 4280 gentium
1927 4208 2042 4274 ΑΒ,
2079 4223 2265 4279 gegen
2300 4209 2598 4262 Versmass
2632 4205 2745 4261 und
2772 4206 2930 4262 Sinn.

324 4298 393 4351 53
448 4297 574 4351 dum
631 4296 777 4353 fehlt
824 4300 888 4353 A.
999 4299 1070 4352 64
1106 4295 1307 4352 fundas
1344 4297 1403 4352 Β.
1512 4297 1599 4351 68.
1635 4297 1706 4350 69
1752 4302 1899 4365 -post
1932 4297 2039 4350 hos
2079 4295 2160 4350 tui
2195 4295 2427 4350 insidias
2464 4294 2821 4350 devincamus
2858 4295 2926 4349 A.

323 4385 393 4437 86
428 4384 662 4439 sceleris
698 4385 759 4440 B.
832 4387 898 4440 87
938 4386 1141 4441 hausto
1179 4387 1242 4441 Β.

495 4564 561 4619 V.
600 4568 824 4620 84-86.
881 4565 1009 4621 fons
1047 4566 1261 4622 lateris.
1333 4564 1607 4622 Derselbe
1643 4564 1945 4621 Godanken
1983 4563 2059 4621 ist
2094 4563 2151 4618 in
2190 4563 2295 4619 No.
2332 4563 2454 4633 126,
2490 4551 2669 4617 '9-10
2724 4576 2926 4632 ausge-

323 4648 539 4703 driickt.
597 4651 728 4722 Vgl.
762 4652 995 4722 Apocal.
1031 4656 1083 4721 ’1,
1120 4655 1203 4707 14.
