3175 5234
395 340 529 407 150

397 527 610 594 Senas
655 526 796 591 seni
839 542 1152 609 proceres
1755 519 1844 588 Ut
1886 541 2006 586 sex
2048 520 2427 605 inproperia
2924 520 3011 583 45

397 632 645 697 numeri
689 628 962 714 perfecti
1755 643 2079 706 nunquam
2125 623 2461 687 audiamus
2480 668 2498 703 ,

396 733 756 816 collegistis
795 731 971 796 acies
1563 729 1647 791 35
1755 744 1878 791 vos
1920 726 2061 790 seni
2105 724 2463 790 succurrite
2483 771 2502 806 ‚

396 857 634 922 gressu
678 836 862 901 callis
906 835 1087 899 recti.
1755 833 1944 897 vobis
1987 830 2441 917 supplicamus.

295 1026 306 1035 ’
396 1027 512 1096 Ad
553 1028 788 1094 collem
824 1025 1130 1108 justitiae,
1658 1022 1665 1026 ’
1757 1021 1967 1089 Senes
2012 1022 2154 1087 alas
2198 1022 2405 1087 tollite

397 1132 573 1198 colla
613 1132 766 1197 licet
810 1131 1006 1211 secti,
1756 1143 1877 1190 nos
1921 1126 2005 1189 ad
2052 1124 2560 1209 protegendum,
2921 1129 3014 1191 50

396 1236 562 1302 Jesn
608 1243 833 1299 vestro
880 1233 1091 1317 capite
1756 1228 1896 1292 seni
1944 1226 2145 1292 duces
2189 1225 2444 1291 Israhel

397 1337 776 1419 nequivistis
820 1335 1042 1419 plecti.
1564 1328 1650 1392 40
1756 1329 1841 1394 ad
1888 1329 2416 1396 benedicendum.

396 1523 487 1591 Ut
532 1523 615 1589 ad
660 1524 959 1588 thronum
1004 1520 1317 1604 gradibus
1755 1515 2164 1583 Ascendistis
2207 1517 2273 1580 in
2316 1525 2632 1600 montem,

395 1627 573 1692 senis
619 1627 1078 1706 ascendamus„
1755 1619 1928 1684 idem
1973 1628 2074 1683 est
2118 1617 2438 1702 agendum
2461 1667 2480 1700 ,

394 1729 696 1795 bissenos
740 1727 1075 1793 leunculos
1756 1722 1943 1785 nobis
1986 1720 2351 1786 benedicite
2371 1769 2387 1800 ‚
2925 1722 3015 1782 55

397 1837 469 1894 ut
510 1848 639 1896 non
686 1831 1051 1914 timeamus,
1759 1844 1947 1890 amen
1993 1832 2097 1891 est
2141 1823 2498 1889 dicendum.

571 2016 668 2072 lls.
706 2032 777 2070 zu
810 2015 1055 2071 Admont
1092 2014 1199 2071 No.
1239 2017 1361 2068 717.
1397 2012 1497 2068 des
1536 2013 1605 2065 14
1638 2010 1835 2067 Jahn-h.
1876 2008 1977 2065 mit
2011 2007 2114 2063 der
2148 2007 2404 2065 Helodie.

581 2139 652 2191 14
690 2134 813 2192 fato
851 2134 888 2191 f.
924 2142 1092 2207 statu,
1128 2136 1226 2193 Hs.
1298 2135 1368 2188 55
1403 2132 1588 2202 vobis,
1624 2133 1720 2187 Hs.

946 2487 1118 2562 740.
1194 2487 1527 2587 Hymnus
1577 2488 1651 2558 in
1704 2487 2060 2558 nativitate
2108 2486 2455 2586 martyris.

397 2726 603 2811 DeuS,
648 2735 902 2792 tuorum
945 2724 1212 2789 militum
1755 2743 1880 2811 pro
1926 2732 1992 2790 te
2037 2721 2393 2789 refundens
2437 2721 2816 2806 sanguinem

396 2846 545 2895 sors
589 2837 657 2893 et
700 2844 971 2909 corona,
1016 2826 1349 2909 praemium
1369 2872 1386 2907 ‚
1754 2839 2002 2894 aeterna
2048 2829 2221 2893 dona
2264 2825 2577 2910 possidet.

397 2930 627 2995 laudes
673 2936 982 2996 canentes
1030 2927 1336 3011 martyris

396 3034 669 3099 absolve
709 3053 882 3097 nexu
932 3032 1230 3097 oriminis,
1752 3018 1920 3084 Hinc
1961 3036 2082 3083 nos
2126 3025 2474 3102 precantes
2519 3015 2848 3100 8111)me

1752 3130 1818 3187 te
1862 3124 2186 3206 poscimus
2203 3170 2221 3205 ,
2265 3122 2550 3206 piissime
2570 3169 2587 3204 ‚

395 3220 519 3289 nio
561 3241 796 3306 nempe
839 3221 1059 3286 mundi
1102 3219 1343 3304 gaudia
1606 3221 1647 3284 5
1752 3225 1818 3288 in
1862 3222 1990 3288 hoc
2032 3222 2355 3306 triumpho
2401 3224 2709 3307 martyris
2928 3225 3013 3287 15

396 3334 465 3390 et
509 3326 950 3392 blandimenta
993 3327 1189 3390 noxia
1753 3326 2000 3391 dimitte
2043 3342 2279 3389 noxam
2325 3326 2619 3390 servulis.

394 3427 646 3493 caduca
689 3429 813 3492 rite
858 3425 1177 3510 deputans

392 3530 697 3614 pervenit
741 3527 828 3593 ad
873 3528 1181 3593 coelessfia.
1755 3512 1858 3580 Sit
1900 3515 2044 3581 laus
2087 3515 2395 3598 perennis
2441 3515 2673 3599 glorlae

1135 3694 1148 3713 Ι
1754 3616 1879 3681 deo
1924 3617 2098 3700 patri
2143 3635 2286 3682 cum
2333 3615 2501 3699 filio,

391 3716 630 3782 Poenas
675 3717 958 3781 cucurrit
999 3716 1256 3781 fortiter
1751 3727 1978 3783 sancto
2025 3720 2211 3784 simul
2256 3718 2578 3804 paraclito

392 3827 461 3883 et
502 3817 758 3883 sustulit
800 3819 1104 3900 viriliter,
1560 3820 1641 3883 10
1745 3822 1812 3886 ἰιι
1857 3824 2241 3888 saeculorum
2285 3822 2562 3887 saeculis.
2922 3823 3016 3887 20

571 4026 667 4083 Hs.
704 4044 775 4082 zu
808 4026 1082 4086 Miinchen
1139 4027 1274 4084 Clm.
1313 4028 1505 4081 17027.
1551 4026 1594 4082 f.
1634 4029 1754 4085 129.
1808 4028 1909 4084 des
1948 4032 2017 4085 10
2049 4031 2250 4087 Jahrb.
2305 4033 2436 4102 (A).
2520 4030 2618 4087 Hs.
2652 4046 2724 4085 zu
2757 4031 3017 4087 Hailand

386 4115 448 4171 in
509 4114 612 4170 der
661 4114 1181 4171 ambrosianisehen
1235 4114 1562 4170 Bibliothek
1615 4116 1671 4171 Μ
1691 4156 1706 4186 ,
1741 4119 1812 4171 25
1874 4117 1972 4173 dee
2028 4120 2096 4171 15
2144 4118 2341 4174 Jahrb.
2397 4120 2529 4190 (Β).
2633 4118 2740 4177 Bei
2777 4119 3013 4175 nomas.

383 4218 441 4274 p.
477 4205 586 4259 40⁰
622 4205 748 4274 (G),
784 4202 897 4259 und
933 4202 1024 4258 bei
1060 4203 1255 4259 Daniel
1289 4206 1337 4272 1,
1376 4204 1481 4259 109
1517 4204 1647 4275 (D).

559 4353 596 4405 3
630 4358 917 4425 martyres
952 4353 1018 4407 A.
1127 4354 1164 4406 4
1198 4367 1428 4419 nexum,
1496 4351 1612 4406 und
1663 4351 1805 4406 iiber
1853 4350 2099 4405 criminis
2148 4351 2303 4406 stelit
2350 4349 2561 4405 vinculi
2607 4349 2682 4418 B,
2737 4349 3015 4405 demnach

383 4436 606 4493 scheint
658 4438 845 4495 dieser
900 4440 1043 4495 Text
1096 4439 1353 4511 gelantet
1405 4455 1474 4493 zu
1527 4438 1746 4493 haben:
1811 4437 2039 4493 resolve
2090 4453 2287 4493 nexum
2325 4437 2556 4493 vinculi.
2646 4439 2681 4492 9
2716 4437 2908 4494 mendi
2941 4439 3013 4492 Β.

384 4525 454 4577 11
510 4521 800 4580 effundens
840 4525 959 4594 OD,
1023 4541 1132 4596 pro
1183 4530 1242 4580 te
1293 4529 1453 4581 ustus
1506 4523 1782 4580 craticula
1825 4525 1891 4579 A.
1999 4526 2069 4579 13
2120 4525 2195 4581 ob
2238 4525 2352 4580 hoc
2389 4529 2627 4596 precatu
2660 4525 2905 4596 supplici
2939 4526 3011 4595 D,

382 4611 476 4666 hic
511 4612 572 4666 B.
659 4614 727 4666 15
774 4614 833 4667 in
879 4613 991 4668 hoc
1039 4611 1191 4671 festo
1227 4612 1522 4670 Laurentii
1557 4615 1624 4669 A.
1721 4614 1788 4667 16
1824 4613 1996 4668 noxia
2031 4615 2098 4668 A.
2204 4615 2441 4668 17-20
2476 4613 2618 4670 Bon
2657 4611 2843 4667 haben
2878 4611 3012 4667 eine

383 4700 593 4757 andere
629 4698 970 4771 Doxologie.
