3175 5234
208 495 381 580 Ignis
424 492 601 560 ridet
639 493 992 574 ustionem
1562 514 1712 581 quae
1754 504 2072 580 tyrannus
2113 495 2427 562 decollari

209 597 538 665 horridum
590 597 802 664 calcat
845 596 1197 663 draconem
1553 588 1778 685 jubet,
1824 600 2053 683 quibus
2099 600 2336 665 sociari

292 702 481 785 signo
526 700 741 767 crucis
783 700 1037 784 praevio
1052 748 1070 782 ‚
1563 703 1918 788 imperatur
1963 722 2159 787 poena
2201 703 2347 787 pari

210 827 379 890 aqua
419 825 729 890 magnum
775 822 895 889 vas
940 805 1275 889 impletur,
1650 804 1912 870 tandem
1953 805 2115 870 lucis
2160 805 2312 871 filia.

211 911 275 974 in
319 929 445 993 qua
490 908 698 992 mergi
750 908 900 972 dum
935 907 1237 992 jubetur,
1373 909 1457 971 35
1498 979 1505 985 ,

295 1012 432 1077 exit
476 1018 731 1095 sumpto
774 1011 1026 1076 bravio.
1564 993 1769 1079 cujus
1814 1013 2016 1078 I’l'fflie
2062 997 2382 1079 ³3⁰¹&ssae
2729 994 2814 1061 4⁵

450 1182 455 1189 ι
699 1166 706 1171 ,
1328 1109 1335 1116 ·
1564 1115 1686 1163 nos
1729 1118 1770 1162 a
1814 1118 1977 1163 nece
2022 1101 2235 1179 salva,
2282 1099 2573 1182 Christe,

212 1202 468 1286 Mal-tyr
515 1202 666 1269 dum
709 1209 840 1268 stat
882 1203 947 1267 in
993 1220 1237 1286 agone,
1652 1201 1872 1265 mundi
1916 1222 2039 1287 per
2083 1204 2426 1287 naufragia
2450 1251 2467 1286 ‚

216 1305 490 1371 credunt
533 1302 793 1370 Christo
841 1306 960 1390 sp'e
1005 1323 1300 1387 eorunm,
1565 1313 1638 1370 ut
1680 1304 2058 1371 mundemur
2104 1327 2143 1371 a
2187 1308 2475 1390 peccatis

214 1427 340 1473 nec
381 1415 707 1474 terrentur
749 1409 1054 1493 passione
1492 1402 1499 1409 ’
1566 1414 1636 1471 et
1678 1408 2004 1474 salvemur
2050 1429 2193 1474 cum
2237 1412 2448 1483 beatis

301 1512 517 1593 gentis
562 1512 840 1594 quinque
885 1511 1122 1593 millia,
1373 1508 1459 1573 40
1652 1510 1797 1595 ejus
1841 1520 2008 1594 post'
2038 1513 2370 1596 suffragia.
2732 1516 2816 1580 50

390 1694 799 1767 Strassburger
825 1696 922 1752 Hs.
955 1696 1018 1751 E.
1048 1696 1132 1750 60.
1169 1694 1257 1750 Bl.
1296 1693 1368 1749 78
1402 1692 1512 1764 (S)
1544 1693 1659 1748 und
1691 1693 1785 1749 bei
1820 1695 2016 1750 Daniel
2044 1698 2096 1764 2,
2134 1697 2241 1750 226
2276 1696 2402 1766 (D).
2467 1686 2473 1692 ’

402 1818 471 1870 12
507 1818 697 1888 posita
731 1819 797 1873 D.
886 1819 956 1870 17
990 1816 1150 1871 videt
1187 1844 1267 1902 —·
1292 1814 1533 1870 allectus
1569 1815 1633 1870 D.
1717 1816 1788 1868 22
1824 1814 1925 1870 sed
1960 1815 2020 1870 D.
2110 1817 2180 1870 35
2219 1832 2330 1886 quo
2368 1817 2566 1888 deergi
2594 1816 2719 1889 jub.
2757 1816 2818 1872 Ι).

212 1904 287 1958 39
326 1907 587 1959 tenentur
622 1904 686 1959 D.
771 1907 843 1959 45
878 1903 1051 1976 hujus
1088 1903 1151 1959 S.
1240 1904 1310 1957 47
1344 1899 1622 1974 suffragia
1656 1900 1717 1956 D.
1811 1901 1883 1954 49
1917 1901 2157 1956 salvatis
2190 1903 2256 1957 D.
2352 1905 2425 1956 50
2458 1903 2648 1959 mnndi
2682 1908 2819 1974 poet

214 1989 518 2063 naufragia
551 1992 617 2047 D.

1031 2324 1246 2401 1047.
1319 2324 1436 2397 De
1484 2348 1553 2443 s..
1581 2322 2011 2421 Margareta.

214 2557 444 2627 Gaude
489 2561 682 2645 virgo
724 2560 1107 2645 Margareta
1438 2531 1447 2539 ⁶
1565 2560 1784 2645 gaude
1826 2561 2042 2625 lumen
2086 2559 2393 2645 recepisti
2738 2562 2818 2627 10

220 2681 368 2747 quae
414 2663 723 2728 coelorum
767 2684 993 2748 regem
1035 2666 1189 2730 laeta
1566 2681 1712 2728 cum
1756 2662 2075 2726 ruffonem
2119 2663 2507 2745 oppressisti

299 2766 591 2831 meruisti
635 2784 941 2848 cernere3
1650 2766 1718 2828 in
1761 2764 2001 2849 pedum
2045 2764 2417 2829 calcamine.

212 2867 433 2952 gaude
479 2869 776 2953 praefecti
819 2869 1087 2935 decreta

213 2988 344 3037 nec
388 2987 520 3035 non
565 2977 1028 3035 tormentorum
1073 2970 1244 3036 freta
1422 2971 1462 3033 5
1569 2953 1795 3020 Gaude
1841 2974 2119 3037 pneuma
2162 2958 2508 3040 nuntiavit,

200 3067 207 3073 ’
303 3082 542 3157 sponte
585 3076 815 3140 volens
859 3093 1190 3159 spernere.
1567 3059 1767 3125 JGSUS
1814 3056 2111 3124 Chfifltuss
2159 3067 2225 3124 ῐθ
2273 3056 2526 3125 fimavit

1659 3180 1778 3233 sua
1821 3160 2220 3245 coelitudine,
2739 3165 2820 3228 15

218 3260 477 3345 Gaude,
523 3282 669 3345 quae
712 3262 819 3345 pie
866 3254 1159 3342 certasti,
1571 3263 1658 3329 ad
1704 3284 1891 3346 quam
1939 3272 2005 3329 et
2051 3283 2170 3330 nos
2215 3265 2365 3329 hinc
2408 3264 2789 3349 transtreta,

220 3366 377 3431 dum
421 3367 772 3433 draconem
816 3368 1141 3453 superasti
1570 3375 1821 3450 martyr
1867 3365 2108 3432 Christi
2152 3367 2564 3451 Margareta,

226 3534 235 3540 ,
305 3468 372 3532 in
419 3472 723 3535 umbroso
768 3488 1065 3552 carcere3
1661 3475 1772 3543 tua
1825 3488 2026 3552 prece
2069 3467 2321 3533 florida.
2435 3480 2445 3491 ·

405 3652 790 3711 Reichenauer
824 3654 1082 3727 Pap-Hs.
1118 3654 1167 3709 N
1174 3671 1226 3710 o.
1260 3654 1351 3709 36.
1386 3652 1472 3715 Bl.
1508 3654 1616 3708 206
1650 3669 1721 3708 zu
1755 3652 2084 3709 Karlsrnhe.

411 3775 480 3828 16
516 3781 576 3830 et
608 3774 755 3832 fehlt
788 3777 889 3832 der
923 3778 1020 3833 Hs.
1091 3778 1161 3832 18
1195 3792 1258 3831 es
1293 3778 1446 3835 steht
1479 3780 1556 3832 tu.

402 3894 469 3949 V.
508 3896 593 3948 11.
640 3890 806 3965 ruffo,
842 3895 942 3951 der
977 3895 1193 3969 Teufel,
1230 3897 1443 3953 andere
1475 3897 1646 3971 Ferm
1681 3895 1776 3954 fiir
1810 3895 2102 3954 ruffianus.

1175 4251 1393 4329 1048.
1460 4253 1578 4326 De
1632 4210 1895 4324 eadem.

218 4473 458 4540 Gaude
504 4477 694 4561 virgo
741 4478 1058 4563 gloriosa,
1167 4534 1177 4542 .
1582 4480 1841 4562 Gaude,
1889 4499 2035 4563 quoe
2083 4477 2375 4563 praefecti
2418 4484 2642 4562 spreto
2723 4514 2726 4519 -

122 4606 135 4617 ·
227 4575 620 4661 Margareta
662 4580 990 4664 speciosa,
1582 4593 1740 4651 voto
1785 4585 1936 4648 mali
1981 4581 2178 4648 corde
2225 4582 2377 4647 laeto
2651 4596 2654 4597 ’
2786 4581 2825 4652 5

318 4683 656 4750 rubricata
699 4684 1043 4770 sanguin03
1671 4685 1971 4772 gaudens
2016 4686 2258 4752 Christi
2301 4686 2573 4750 nomine.
