3175 5234
451 297 581 362 278

625 480 721 536 Hs.
759 497 830 535 zu
864 477 1063 545 mainz,
1102 478 1245 549 Aug.
1283 471 1388 532 No.
1424 478 1547 532 289.
1581 476 1671 533 Bl.
1698 477 1819 532 201.
1857 476 1955 531 des
1983 479 2051 530 15
2078 476 2276 532 Jahrb.
2350 477 2413 533 In
2449 477 2550 533 der
2574 478 2874 551 smnlung
2901 495 2987 537 m

453 568 693 625 (ianam
747 584 816 622 zu
863 566 1196 637 wartberg
1242 565 1300 621 S.
1338 565 1448 621 500
1497 567 1656 621 steht
1709 564 1891 620 dieses
1943 563 2083 638 Lied
2129 566 2277 622 auch
2328 581 2437 621 aas
2484 566 2611 622 den
2660 566 2986 639 Nnnburg«

456 655 706 711 Brevier.

626 780 662 833 3
697 777 882 849 glosa,
918 777 1014 833 Hs.
1053 777 1198 832 nach
1234 776 1337 832 der
1373 774 1731 849 Sehreibneg
1764 775 1865 830 des
1902 775 2281 833 mittelalters.
2370 780 2411 834 4
2446 792 2653 848 sponsa
2684 774 2724 831 f.
2754 790 2888 847 epse.
2917 775 2985 832 lh

453 869 491 922 6
525 866 758 935 Christi,
787 866 882 922 nu.

627 1022 794 1078 Diese
842 1022 877 1076 3
922 1020 1122 1076 Lietler
1169 1020 1270 1078 No.
1320 1021 1424 1076 895
1443 1051 1504 1061 ——
1522 1021 1594 1074 97
1636 1003 1760 1074 sind
1808 1022 2073 1093 Ansziige
2128 1017 2239 1075 und
2286 1018 2830 1091 Ueberarbeitungen
2872 1018 2985 1072 eines

453 1109 603 1163 noch
637 1108 1031 1163 unbekannten
1071 1107 1387 1180 originale,
1460 1105 1642 1161 haben
1692 1106 1867 1162 daher
1912 1107 2145 1162 manche
2189 1107 2372 1163 verse
2421 1107 2534 1161 und
2582 1104 2880 1160 Ansdrfieke
2915 1103 2988 1158 nit

453 1193 724 1250 einander
760 1193 980 1267 gemein
1015 1194 1130 1248 und
1164 1194 1255 1249 die
1294 1193 1665 1263 strophieebe
1699 1192 1922 1265 Anlage
1969 1194 2046 1250 ist
2079 1193 2254 1248 durch
2291 1193 2387 1248 die
2422 1195 2681 1264 Ausziige
2712 1189 2987 1256 ven-derben,

451 1283 761 1340 besonders
807 1283 866 1337 in
914 1282 1021 1337 No.
1058 1283 1166 1337 895
1199 1279 1310 1336 and
1344 1282 1432 1336 oo.
1500 1281 1607 1336 Die
1650 1281 1797 1336 swei
1842 1286 2032 1337 ersten
2082 1281 2266 1337 verse
2311 1281 2569 1337 konnen
2614 1280 2705 1336 ab
2743 1277 2985 1336 andrei·

448 1371 594 1425 auch
628 1371 684 1424 in
721 1366 1025 1443 fulgendo:
1060 1368 1166 1425 No.
1202 1384 1339 1438 vor,
1404 1368 1673 1423 seheinen
1722 1368 1847 1423 also
1902 1385 1971 1424 zu
2019 1369 2199 1428 einen
2246 1365 2383 1426 sehr
2429 1368 2739 1426 bekannten
2768 1364 2915 1421 uodo
2938 1379 2987 1418 ιι

449 1457 717 1527 gehoren.
1961 1458 1969 1465 ‘

623 1610 725 1666 Die
760 1612 855 1666 Hs.
892 1609 983 1680 IV,
1019 1612 1091 1666 38
1126 1627 1196 1665 zu
1232 1610 1290 1665 S.
1326 1610 1497 1665 Peter
1534 1611 1595 1665 in
1623 1609 1913 1684 Salzburg'
1947 1612 2166 1667 enthiilt
2200 1615 2285 1670 Bl.
2323 1613 2432 1669 1⁰6
2468 1612 2558 1668 ein
2592 1609 2722 1666 Lied
2754 1603 2850 1662 anf
2870 1604 2984 1657 dien

447 1696 672 1771 Heilige
707 1714 811 1754 am
848 1698 969 1754 dem
1008 1701 1077 1756 14
1110 1698 1310 1754 Jahrb.
1346 1698 1448 1753 nit
1483 1698 1796 1755 munem
1831 1693 2091 1773 Anfang:

658 1786 707 1844 Ο
742 1787 1060 1859 margarita
1091 1787 1348 1857 pretiosa
1863 1792 2030 1858 pater
2065 1788 2294 1857 nortus,
2329 1795 2515 1846 mater
2546 1788 2717 1855 Thea,

658 1882 720 1933 et
753 1875 1022 1934 virtutum
1056 1891 1301 1932 vernans
1337 1890 1474 1932 resa
1868 1874 1953 1930 sie
1986 1882 2225 1932 vocatus
2262 1877 2336 1946 (1.
2373 1877 2631 1945 vocaris)
2663 1868 2917 1928 notatim

732 1969 1061 2020 senatorum
1096 1980 1309 2036 genere
1968 1969 2323 2036 congregato
2361 1965 2600 2021 nomine.

994 2319 1170 2391 898.
1221 2317 1340 2389 De
1392 2343 1448 2388 s.
1502 2315 1864 2390 Dorothea
1911 2315 2201 2416 virgine.
2277 2320 2526 2390 oratio.

780 2556 997 2623 Prima
1037 2556 1387 2640 colunum.
1804 2552 2007 2620 Salve
2054 2574 2211 2622 cara
2254 2574 2500 2639 sponsa
2543 2545 2801 2626 Christi,

1804 2658 2012 2741 primo
2056 2674 2256 2739 passa
2301 2658 2401 2723 sie
2444 2655 2648 2736 fuisti,

449 2719 650 2784 Salve
695 2727 922 2782 saneta
964 2717 1330 2801 Dorothea,
1806 2759 2111 2825 tribunali
2157 2761 2612 2843 praesentaris,

451 2819 603 2886 audi
649 2838 871 2902 quaeso
916 2826 1073 2884 vota
1117 2839 1292 2902 mea,

449 2932 517 2989 ut
564 2942 860 2987 enarrem
905 2922 1236 3005 affective,

447 3026 864 3092 memorando
909 3027 1215 3093 devotive

446 3142 577 3199 tuae
621 3132 941 3217 passionis
986 3147 1272 3196 normam
1289 3179 1307 3214 ,
1642 3132 1698 3210 ‚5

446 3233 921 3320 conplectendo
967 3241 1167 3300 totam
1211 3233 1510 3316 formam,

450 3357 717 3424 precum
763 3356 1052 3421 quoque,
1098 3356 1260 3420 quas
1306 3335 1529 3402 fudisti

445 3443 511 3506 in
555 3460 800 3525 agone,
848 3440 997 3505 dum
1042 3441 1255 3505 vicisti

445 3560 569 3625 pro
615 3543 824 3606 salute
868 3550 1290 3625 peccatorum

446 3653 514 3710 et
557 3646 855 3730 profectu
899 3655 1338 3728 posterorum,
1620 3643 1700 3706 10

447 3749 503 3811 si
547 3748 656 3830 qui
701 3754 831 3811 tuae
874 3748 1198 3827 passionis

448 3847 661 3913 studio
707 3847 1072 3912 devotionis

445 3958 720 4036 agerent
764 3951 1136 4016 memoriale

441 4076 676 4123 nomen
723 4075 804 4122 ao
847 4056 1261 4141 perpetuale,

446 4169 518 4227 ut
561 4160 898 4226 mundanis
944 4161 1010 4224 in
1055 4160 1383 4243 pressuris
1620 4163 1698 4222 15

443 4283 864 4349 personarum
911 4271 977 4327 et
1019 4265 1284 4329 torturis

446 4384 666 4431 omnes
710 4368 802 4431 illi
847 4367 1258 4432 salvarentur

445 4478 511 4534 et
555 4475 620 4535 in
663 4492 829 4555 paee
876 4479 1315 4552 struerentur,

440 4592 676 4657 preces
720 4574 868 4637 illas
912 4573 1020 4638 fao
1062 4575 1300 4639 mereri

444 4684 511 4741 et
556 4695 700 4741 eum
737 4677 933 4758 justis
977 4697 1098 4742 nos
1146 4681 1413 4744 censeri.
1614 4682 1699 4745 20
1798 4677 2004 4744 Salve
2050 4681 2339 4765 prudens
2386 4681 2722 4756 advocata,

1807 2884 1851 2928 a
1891 2862 2208 2948 praefeoto
2254 2865 2614 2944 tribularis;

1806 2965 1977 3045 vult,
2021 2973 2094 3029 ut
2138 2966 2396 3030 thorum
2444 2957 2832 3050 conjugalem
2926 2942 2987 3008 25

1807 3087 2023 3132 seeum
2058 3069 2261 3133 intres
2308 3078 2375 3134 et
2419 3068 2736 3136 carnalem

1806 3168 2031 3256 spreta
2074 3170 2315 3241 Christi
2361 3174 2459 3240 sie
2504 3165 2743 3239 cultura

1809 3275 2166 3341 simulacris
2210 3277 2554 3343 servitura.

1810 3377 1923 3463 eja
1964 3381 2156 3464 virgo
2202 3382 2543 3462 timorosa,

1803 3485 1975 3548 intus
2020 3493 2209 3550 extra
2253 3487 2581 3569 speciosa,

1809 3604 2023 3650 nonne
2067 3593 2138 3652 tu
2183 3586 2358 3654 fuisti
2399 3606 2597 3672 passa

1806 3696 1876 3755 et
1917 3689 2307 3757 cordetenus
2351 3678 2752 3775 conquassa?

1806 3796 1931 3859 ista
1975 3814 2170 3877 poena
2214 3793 2519 3860 cordialis

1804 3915 1964 3960 vere
2008 3895 2127 3961 fuit
2171 3898 2599 3976 tormentalis,

1807 3999 1951 4090 quis
2000 4017 2131 4065 non
2174 3999 2404 4064 eredat
2446 4008 2575 4065 tam
2618 3981 2887 4058 tenellam
2923 3961 2983 4029 35
3092 3983 3093 3992 ’

1808 4121 1957 4168 esse
2002 4110 2238 4167 tortam
2284 4111 2434 4168 tuno
2479 4086 2793 4187 puellam?

1804 4205 2164 4288 Coaptatur
2210 4205 2357 4269 huic
2397 4213 2663 4269 'torturae

1804 4309 1959 4372 illud
2007 4309 2181 4391 quod
2223 4311 2440 4396 petisti
2486 4325 2670 4394 pure,

1805 4419 2110 4477 constans
2156 4411 2345 4494 virgo
2393 4402 2687 4476 deflorari
2839 4491 2850 4506 ⁶

1804 4515 1978 4598 quod
2023 4534 2154 4580 non
2197 4518 2406 4604 possit
2450 4517 2557 4581 vel
2599 4513 2865 4589 stupran.
2917 4475 2981 4542 4⁰

2925 3455 2988 3521 30
