3175 5234
352 246 486 310 190

354 429 422 480 15
453 426 651 481 Jahrb.
703 426 827 494 (Β).
898 424 1069 478 Beide
1119 423 1319 477 Lieder
1366 423 1471 476 No.
1516 423 1635 476 789.
1685 422 1791 475 790
1848 419 1974 477 sind
2021 420 2164 474 nach
2211 420 2335 474 dem
2372 419 2812 490 Strophenmass
2848 420 2957 473 der

352 514 608 583 Sequenz
644 515 765 567 Ave
803 511 972 566 maris
1008 510 1178 565 stella
1215 509 1487 581 gemacht.

527 636 562 687 2
603 633 758 687 colat
795 633 855 687 B.
928 634 961 685 9
997 633 1158 685 Anna
1193 632 1259 687 A.
1331 631 1403 683 20
1442 634 1653 701 purgat
1687 630 1749 683 Β.

1074 933 1244 1005 791.
1303 929 1380 1003 S.
1435 927 1709 1021 Annae,
1759 925 1849 998 ad
1903 950 2254 1025 vesperas.
2329 929 2337 937 ’

356 1135 555 1201 Clara
601 1137 727 1201 diei
775 1136 1017 1218 gaudia
1711 1130 2086 1205 Infoecunda
2129 1148 2252 1214 pro
2298 1140 2589 1214 tempore

355 1240 703 1304 modulizet
749 1241 1060 1319 ecclesia,
1710 1249 1918 1316 prope
1965 1252 2377 1298 marcescens
2425 1252 2703 1316 corpore

355 1344 419 1406 in
466 1341 661 1406 Anna
707 1341 813 1404 dei
854 1342 1095 1405 famula
1713 1334 1981 1399 decreto
2026 1337 2230 1418 patris
2276 1336 2580 1400 luminum
2886 1340 2973 1400 15

355 1464 652 1529 pangens
696 1445 843 1509 coeli
887 1445 1213 1508 miracula.
1713 1440 1885 1521 parit
1928 1440 2222 1520 reginam
2267 1439 2632 1535 virginum..

355 1631 554 1697 Anna
598 1653 825 1714 regum
871 1634 1225 1716 progenies
1445 1668 1452 1675 ’
1570 1635 1607 1693 5
1716 1627 1994 1691 obtentu
2039 1629 2262 1691 matris
2310 1628 2463 1693 filiae

357 1745 425 1800 et
469 1736 880 1800 sacerdotum
925 1738 1131 1799 series
1714 1730 1977 1812 Mariae,
2022 1730 2237 1811 plenae
2282 1733 2550 1813 gratiae,

357 1839 622 1921 stirpem
668 1839 980 1903 illustrem
1024 1840 1316 1921 patribus
1717 1833 1900 1896 nobis
1949 1842 2275 1897 auctorem
2323 1837 2600 1899 omnium

357 1945 491 2009 suis
539 1943 796 2006 ornavit
839 1943 1107 2007 actibus,
1716 1934 1949 1999 reddat
1992 1933 2189 2001 Anna
2234 1939 2598 2019 propitium.
2887 1943 2975 2005 20

353 2132 574 2218 Nupta
619 2134 726 2198 dei
761 2134 1010 2218 judicio
1716 2125 1817 2190 Sit
1859 2126 2002 2190 laus
2046 2128 2363 2209 primaevo
2408 2129 2652 2209 lumini,

356 2234 535 2299 fideli
580 2236 984 2299 matrimonio
1531 2236 1609 2295 10
1715 2232 1798 2293 sit
1842 2230 1975 2293 filio
2023 2239 2088 2294 et
2132 2231 2414 2314 flamini,

348 2337 540 2419 juxta
584 2338 853 2400 verbum
902 2335 1262 2415 angelicum
1717 2336 1823 2416 qui
1870 2353 1988 2423 nos
2033 2355 2153 2418 per
2197 2335 2412 2400 Annae
2457 2337 2749 2401 meritum

356 2439 634 2504 fructum
678 2439 982 2519 concepit
1023 2438 1335 2503 coelicum.
1717 2439 1863 2503 coeli
1908 2440 2207 2504 traducat
2256 2440 2517 2504 aditum.

535 2624 631 2677 Ha.
682 2640 750 2677 zu
799 2621 1078 2691 Freiburg
1131 2622 1237 2674 No.
1275 2622 1360 2675 56.
1421 2623 1486 2674 15
1523 2622 1717 2677 Jahrb.
1772 2622 1886 2694 (A)
1941 2622 2053 2676 und
2101 2623 2172 2676 im
2220 2622 2544 2677 Breviarius
2593 2622 2983 2692 moguntium,

359 2714 427 2765 15
461 2710 657 2765 Jahrb.
693 2709 767 2763 ad
802 2707 998 2762 laudes
1039 2708 1163 2776 (B).
1238 2708 1330 2761 Hs,
1367 2707 1466 2762 (les
1502 2708 1775 2778 Lyceums
1813 2725 1881 2762 zu
1919 2710 2206 2763 Konstanz
2246 2710 2385 2778 (C),
2426 2712 2492 2762 15
2529 2708 2723 2763 Jahn-11.

534 2834 564 2885 1
617 2831 707 2886 dei
740 2829 846 2884 Bo,
941 2832 976 2883 2
1011 2829 1319 2885 modolizet
1355 2830 1415 2885 C.
1515 2832 1552 2885 4
1585 2828 1868 2884 mirabilia
1907 2830 1969 2884 B.
2071 2832 2106 2883 9
2143 2831 2272 2885 coeli
2308 2830 2518 2886 indicio
2557 2832 2618 2886 B.
2698 2834 2765 2884 15
2805 2847 2985 2886 evan-

361 2917 606 2990 gelicum
641 2920 708 2972 A.
808 2917 875 2970 18
910 2916 1092 2972 Maria
1132 2916 1300 2987 plena
1339 2916 1448 2972 BC.
1533 2920 1600 2970 21
1640 2921 1880 2986 paterno
1919 2917 2130 2971 numini
2167 2918 2239 2985 B,
2302 2920 2531 2987 patrino
2569 2919 2605 2972 l.
2641 2918 2700 2973 C.
2771 2920 2841 2971 22
2879 2918 2985 2971 vel

358 3005 398 3061 f.
438 3011 495 3062 et
532 3008 594 3061 A.
664 3008 734 3060 23
772 3021 877 3060 nos
913 3003 1062 3059 fehlt
1098 3005 1159 3059 B.

1064 3307 1235 3380 792.
1318 3307 1434 3378 ne
1490 3333 1547 3378 s·
1600 3303 1839 3379 Anna.
1917 3306 2238 3406 hymnus.

358 3512 613 3575 Chorus
658 3511 988 3592 hymnizet
1033 3510 1302 3573 vocibus
1717 3511 2042 3575 exercitus
2085 3533 2275 3594 quam
2322 3515 2521 3577 curiae

446 3615 577 3678 oris
623 3613 809 3677 simul
855 3621 922 3677 et
964 3612 1288 3696 cordium,
1805 3615 1949 3679 coeli
1996 3616 2283 3698 suscepit
2321 3616 2629 3699 jubilans.

356 3723 427 3781 ut
470 3715 677 3779 melos
720 3717 785 3778 in
832 3717 1204 3779 coelestibus

446 3826 784 3901 acceptum
830 3817 913 3880 sit
957 3817 1388 3882 concordium.
1712 3802 2002 3866 111ΰίΧᾶῐῦ
2048 3822 2188 3885 1²¹·ae
2235 3803 2483 3868 deliciis

1039 3978 1042 3982 ,
1800 3924 1997 3987 super
2043 3905 2344 3970 dilectum
2391 3907 2570 3971 curia

354 4010 586 4074 Matris
635 4009 883 4091 reginae
930 4007 1234 4090 superum
1570 4012 1609 4071 5
1715 4011 1998 4077 coelestis
2043 4012 2108 4074 in
2154 4011 2452 4094 tripudiis
2893 4016 2976 4074 15

440 4112 712 4177 festivus
757 4113 956 4176 instat
999 4113 1342 4192 transituS‚
1800 4116 2214 4196 prosequitur
2260 4135 2403 4180 cum
2449 4115 2677 4197 gloria.

354 4233 481 4296 quo
528 4216 824 4280 thronum
871 4214 958 4279 ad
1001 4215 1370 4279 aethereum:

439 4318 742 4399 pervenit
787 4317 949 4381 fulta
992 4316 1308 4381 laudibus.
1714 4307 1966 4372 Novum
2012 4307 2189 4372 Sidus
2235 4310 2300 4372 in
2345 4309 2602 4392 supe-ris

1797 4417 2090 4474 exortum
2135 4413 2346 4494 fulget
2391 4412 2586 4478 hodie

355 4504 465 4569 Ad
512 4507 714 4570 coelos
760 4509 1010 4573 scandit
1053 4508 1248 4573 hodie
1540 4533 1543 4537 ’
1709 4512 2087 4578 translatum
2137 4513 2285 4579 hinc
2334 4513 2414 4578 de
2461 4513 2747 4578 tenebris

441 4609 588 4691 plus
631 4605 831 4674 Anna
875 4610 1012 4673 sole
1057 4613 1358 4695 rutilanS,
1525 4615 1605 4677 10
1798 4612 1883 4676 ad
1931 4611 2286 4679 claritatem
2333 4615 2582 4698 patriae.
2886 4614 2975 4676 20
