3175 5234
2645 269 2774 332 179

155 460 362 545 Cujus
407 460 671 523 fervens
713 458 778 519 in
825 473 1045 520 amore
1518 473 1640 538 per
1685 472 1871 534 quem
1919 451 2215 518 Christus
2261 454 2409 519 dum
2454 452 2774 538 laudatur,

152 565 413 647 spernit
457 560 760 625 mundum
807 578 950 624 cum
999 557 1258 640 decore,
1518 556 1709 639 plebs
1754 553 1904 618 hinc
1945 554 2171 619 furens
2219 554 2612 638 indignatur,

149 663 616 729 blandimentis
660 680 784 725 nec
829 660 1162 724 tormentis
1335 659 1414 720 15
1519 654 1780 739 Agnem
1827 674 2081 738 magam
2126 663 2527 738 protestatur

235 784 378 829 non
422 763 669 827 mollita
706 761 982 845 judicis;
1609 759 1874 823 tradens
1918 759 2087 822 hanc
2132 758 2458 822 incendiis.

151 885 440 949 cumque
485 866 715 929 mentis
762 866 825 927 in
873 864 1136 927 fervore

151 990 472 1056 sponsum
517 971 748 1053 quaerit
792 987 1055 1052 Sponsa,
1097 987 1310 1050 mom,
1523 944 1658 1009 Sed
1706 946 1874 1027 ignis
1921 949 2278 1028 obstupens
2324 946 2525 1021 cedit,
2688 948 2773 1011 35

151 1077 443 1160 spoliata
497 1075 897 1138 vestimenti„
1522 1069 1645 1115 nec
1687 1048 1948 1133 Agnem
1994 1071 2116 1116 nec
2160 1053 2371 1116 lanam
2418 1053 2616 1135 laedit,

246 1180 470 1244 densis
520 1179 681 1242 latet
726 1177 997 1259 capillis,
1334 1178 1416 1239 20
1523 1153 1667 1236 ejuss
1713 1154 1892 1218 fl01‘58
1939 1162 2005 1218 ‘³²
2047 1155 2315 1237 PUdffl'iS

1610 1275 1739 1321 non
1786 1260 2002 1323 ferens
2048 1260 2433 1342 potentiam:

157 1369 344 1433 Tunc
388 1366 650 1432 inducta
694 1366 1016 1449 lupanari,
1526 1359 1711 1442 cujus
1757 1368 1977 1442 guttur
2026 1361 2197 1425 ensis
2245 1362 2437 1426 caedit

164 1467 341 1533 cella
386 1465 593 1548 fulget
633 1474 706 1528 ut
751 1465 953 1528 solari
1524 1464 1841 1545 mortique
1886 1465 2021 1528 vita
2066 1466 2393 1546 succedit,
2691 1468 2774 1530 40

254 1568 606 1654 splendore
651 1569 813 1633 lucis
860 1577 1121 1652 operta,
1526 1584 1683 1630 ecce
1729 1566 1919 1647 vidit,
1969 1567 2140 1649 quod
2187 1570 2462 1651 cupivit,

164 1675 250 1735 ab
294 1670 533 1753 angelo
581 1669 907 1753 consolari
1612 1688 1734 1753 per
1780 1672 2001 1753 sponsi
2042 1673 2462 1736 clementiam.

161 1775 399 1838 meruit
446 1780 639 1854 atque
683 1774 892 1835 velari
1336 1774 1417 1836 25

255 1872 533 1958 cyclade
572 1891 732 1938 aul-0
778 1871 1099 1937 contexta,
1525 1857 1708 1942 Ergo
1754 1868 2093 1942 postquam
2139 1862 2235 1926 δὴ)
2280 1863 2650 1947 triumphat,

1525 1961 1718 2042 virgo
1763 1969 2013 2043 martyr
2059 1962 2351 2043 gaudens
2396 1964 2595 2028 intrat

163 2067 309 2132 Illic
351 2067 545 2148 virgo
589 2086 672 2131 ne
720 2072 1052 2147 tangatur,
1614 2063 1713 2124 sui
1756 2064 1979 2143 sponsi
2023 2061 2402 2144 thalamum,
2692 2066 2774 2127 45

165 2168 528 2253 impudicus
573 2166 955 2250 suffocatur,
1532 2165 1705 2248 apud
1752 2184 1939 2247 quem
1984 2185 2152 2230 nunc
2197 2166 2589 2249 intercedat,

165 2289 292 2354 pro
339 2290 466 2352 quo
511 2267 746 2353 Agnes
792 2269 938 2333 dum
984 2277 1315 2354 precatur,
1530 2280 1602 2333 ut
1646 2269 1832 2332 nobis
1879 2267 2027 2331 coeli
2073 2267 2390 2333 concedat

254 2375 591 2440 reviviscit
615 2373 916 2456 juvenis;
1339 2372 1422 2434 30
1617 2374 1862 2436 intrare
1907 2373 2234 2456 palatium.

346 2558 814 2626 Antiphonarium
872 2573 984 2610 von
1039 2557 1357 2611 Reichenau
1411 2573 1479 2610 zu
1537 2557 1853 2611 Karlsruhe
1916 2559 2020 2613 No.
2067 2560 2188 2612 209.
2252 2558 2335 2612 Bl.
2394 2561 2441 2612 7.
2497 2573 2598 2613 aus
2654 2558 2777 2614 dem

181 2650 249 2702 14
285 2647 486 2701 Jahrb.
524 2644 636 2715 (R)
671 2644 771 2699 mit
807 2643 907 2698 der
941 2644 1198 2699 Melodie.
1272 2644 1368 2698 Hs.
1404 2661 1517 2698 von
1560 2644 1621 2699 S.
1656 2644 1828 2700 Peter
1863 2664 1931 2700 zu
1970 2646 2279 2700 Karlsruhe
2317 2646 2420 2701 No.
2460 2649 2542 2699 16.
2581 2663 2634 2717 p.
2660 2648 2781 2702 296.

171 2735 276 2788 mit
311 2733 413 2787 der
448 2731 718 2800 Melodie,
772 2735 841 2784 14
875 2732 1075 2787 Jahrb.
1127 2734 1255 2801 (Α).
1329 2733 1425 2787 Hs.
1463 2750 1532 2786 zu
1568 2733 1976 2805 Kreuzlingen‚
2047 2738 2114 2788 14
2148 2735 2343 2789 Jahrb.
2393 2735 2517 2806 (C).
2588 2737 2784 2791 Daniel

169 2826 221 2892 2,
256 2825 367 2875 254
402 2821 527 2900 (1))ἴ
597 2820 733 2874 Eine
768 2819 1007 2874 Wiener
1044 2821 1140 2875 ns.
1179 2821 1536 2876 verzeichnet
1572 2823 1737 2877 Denis
1772 2824 1929 2878 codd.
1969 2824 2139 2877 theol.
2180 2824 2341 2877 Vind.
2378 2824 2440 2893 ll,
2480 2826 2527 2890 1,
2566 2840 2618 2894 p.
2657 2823 2775 2877 887.

350 2945 387 2996 2
423 2939 608 2997 forma
643 2941 704 2997 G.
777 2943 856 2995 11.
898 2945 961 2994 12
999 2942 1195 2997 stehen
1230 2943 1287 2996 in
1317 2944 1360 2998 C
1400 2959 1470 2997 an
1508 2944 1558 2998 8.
1585 2946 1651 3010 9.,
1691 2944 1901 3019 ebenso
1942 2945 2007 2998 18
2045 2961 2115 2998 an
2151 2948 2215 2997 14
2253 2945 2360 2998 und
2391 2945 2576 3000 dieser
2603 2947 2774 3000 an18.

174 3034 245 3085 14
280 3030 466 3085 mund.
492 3045 576 3098 sp.
602 3028 665 3082 D.
715 3030 782 3082 16
820 3028 1071 3086 emollita
1101 3030 1210 3083 DA.
1276 3032 1342 3084 21
1385 3047 1527 3085 nunc
1564 3031 1756 3085 induta
1795 3032 1855 3086 C.
1907 3032 1977 3084 23
2016 3031 2181 3099 copia
2218 3032 2330 3098 DA,
2369 3040 2645 3102 cooperta
2673 3033 2779 3089 CR.

169 3108 245 3172 24
280 3114 598 3172 confortari
634 3116 698 3170 D.
751 3118 818 3170 31
853 3132 1014 3185 quam
1044 3115 1102 3171 C.
1151 3119 1221 3171 33
1258 3118 1454 3188 Agnen
1492 3132 1751 3188 magnam
1788 3118 1845 3173 C.
1892 3120 1961 3171 37
1999 3118 2116 3171 oris
2152 3118 2266 3172 DA.
2313 3119 2382 3171 38
2420 3135 2678 3188 quaerens
2718 3119 2780 3187 C,

169 3204 495 3277 pudentiam
531 3205 595 3258 R.
667 3207 736 3258 42
776 3203 865 3258 dei
900 3207 965 3273 A,
1004 3205 1361 3274 praesentiam
1397 3206 1458 3259 D.
1534 3208 1603 3258 43
1641 3221 1783 3276 ergo
1821 3205 2077 3261 Christus
2116 3205 2241 3260 dum
2280 3205 2586 3276 triumphat
2622 3208 2681 3262 G.

347 3326 415 3381 V.
455 3330 504 3381 9.
560 3326 634 3380 lm
684 3327 921 3397 vorigen
961 3326 1124 3380 Liede
1171 3326 1322 3380 wird
1370 3326 1452 3380 sie
1504 3325 1602 3380 mit
1648 3325 1746 3379 der
1788 3327 1967 3393 Rose,
2032 3326 2153 3380 hier
2199 3326 2298 3379 mit
2334 3327 2436 3380 der
2472 3326 2611 3379 Lilie
2649 3342 2778 3379 ver-

172 3414 431 3485 glichen3
490 3412 610 3467 dies
646 3413 943 3483 geschieht
992 3413 1134 3467 auch
1177 3409 1372 3484 hiiufig
1419 3412 1510 3466 bei
1548 3413 1654 3467 den
1693 3413 1981 3468 Griechen.
2054 3412 2153 3467 Die
2191 3413 2242 3465 h.
2282 3412 2565 3469 christina
2604 3413 2782 3468 heisst

172 3509 355 3575 κρῖνον
391 3504 482 3555 καὶ
519 3497 793 3569 ἡδύπνοον
825 3498 1004 3573 ῥόδον.
1059 3500 1169 3555 JuL
1206 3502 1292 3554 24.

349 3588 418 3641 V.
454 3589 542 3641 36.
597 3588 742 3642 lana.
798 3589 897 3642 Die
934 3588 1262 3657 'Beziehung
1298 3585 1407 3642 auf
1433 3587 1621 3642 Lamm
1657 3589 1766 3643 und
1806 3589 2003 3643 Wolle
2041 3589 2152 3643 und
2191 3588 2280 3643 die
2318 3590 2485 3644 Form
2523 3605 2672 3661 agna
2710 3590 2782 3644 im

175 3673 324 3729 Titel
359 3673 486 3727 sind
522 3674 854 3727 lateinische
889 3674 1251 3745 Auslegung‚
1308 3675 1577 3729 woriiber
1615 3676 1881 3745 Auqustin.
1924 3692 2083 3730 serm.
2122 3678 2245 3745 273,
2282 3679 2331 3730 6.
2371 3683 2531 3748 sagt:
2588 3677 2782 3747 Agnes

172 3760 350 3817 latine
394 3776 586 3830 aquam
622 3757 931 3830 significat,
972 3776 1161 3833 graece
1197 3764 1421 3826 caslam;
1487 3767 1643 3828 erat,
1683 3762 1834 3831 quod
1871 3764 2200 3819 vocabatur.

1065 4115 1234 4190 774.
1309 4117 1423 4187 De
1478 4140 1533 4186 s·
1587 4110 1901 4216 Agnete.

177 4345 486 4412 Exultent
530 4345 712 4431 Syon
760 4349 913 4413 filiae
1536 4348 1694 4415 Cum
1743 4350 1843 4413 his
1890 4359 2095 4415 coetus
2141 4350 2419 4433 angelici
2749 4356 2786 4414 5

258 4452 326 4514 in
373 4450 586 4514 choro*
624 4451 840 4516 cordis
888 4471 1174 4536 organo,
1625 4454 1929 4517 assistant
1976 4454 2126 4535 agni
2172 4454 2411 4536 nuptiis

177 4572 438 4639 sponsae
482 4555 661 4637 regis
705 4557 949 4620 laetitiae
1534 4565 1601 4620 et
1646 4555 2079 4640 paranymphi
2126 4557 2333 4622 coelici

259 4658 695 4742 praecinentes
740 4679 882 4724 cum
921 4667 1251 4743 tympano.
1621 4658 1936 4742 plaudant
1981 4660 2425 4742 epithalamiis,

2203 4762 2327 4831 12*
