3175 5234
2626 296 2753 359 127

109 483 383 564 Tangis
431 499 692 545 sacrum
742 477 981 542 Christi
1025 480 1215 562 latus,
1504 479 1633 562 piae
1680 475 2138 543 consolationis

112 589 210 650 sic
261 586 368 649 ad
413 584 612 648 fidem
661 582 1129 661 conformatae,
1591 582 1778 645 nobis
1822 582 1923 646 fer
1966 581 2270 646 subsidia.
2669 585 2754 648 20

110 689 252 771 jam
311 703 682 753 coruscans
729 684 1058 748 laureatus
1320 685 1398 745 15

199 793 278 855 in
337 790 597 855 coelesfi
643 789 840 852 curia,
1505 769 1768 834 Nostrae
1813 787 2057 833 memor
2102 769 2429 833 concionis

1505 891 1707 957 posce
1752 891 1870 937 nos
1916 873 2157 957 repleri
2204 871 2390 937 donis

120 981 266 1043 Vas
321 981 584 1061 insigne
630 977 928 1057 rationi8‚
1504 977 1991 1059 charismatum,
2040 985 2109 1042 ut
2155 996 2295 1042 cum
2341 978 2528 1040 bonis

125 1085 328 1147 testis
376 1081 901 1159 resurrectionis,
1590 1080 1880 1144 laetcmur
1921 1081 1987 1144 in
2032 1080 2261 1162 gloria.

321 1280 418 1347 Hs.
458 1296 527 1333 ιιι
563 1279 622 1334 S.
662 1277 863 1335 Gallen
899 1279 1005 1332 No.
1035 1279 1154 1332 5146.
1193 1275 1231 1332 f.
1267 1280 1390 1332 233.
1428 1281 1496 1332 15
1523 1279 1723 1333 Jahrb.
1761 1278 1862 1333 mit
1899 1278 2000 1333 der
2034 1277 2288 1333 Melodic.
2361 1277 2460 1332 Die
2499 1276 2757 1333 Schluss-

128 1383 308 1421 verse
349 1366 452 1421 der
486 1366 774 1436 Strophen
811 1366 992 1420 haben
1029 1364 1287 1436 gleichcn
1323 1364 1495 1420 Reim.

324 1514 391 1569 V.
431 1516 516 1568 13.
561 1517 641 1568 14.
696 1514 777 1572 De
813 1512 917 1568 filii
953 1513 1370 1570 resurrectione
1409 1513 1573 1570 citius
1610 1514 1831 1583 quidem
1868 1530 2006 1584 ego,
2044 1513 2141 1586 qui
2174 1511 2425 1569 infirmus
2461 1528 2600 1581 sum,
2637 1527 2757 1567 cre-

135 1601 387 1655 diderim
454 1602 682 1656 'rhomae
730 1601 1006 1657 dubitanti
1067 1607 1124 1657 ct
1183 1601 1473 1672 palpanti,
1550 1616 1715 1671 quam
1774 1602 1983 1672 Cephae
2047 1599 2291 1658 audienti
2361 1606 2420 1656 et
2490 1599 2761 1655 credenti.

137 1689 194 1745 S.
233 1690 516 1744 Bes-nardi
553 1690 695 1743 hom.
728 1692 782 1757 2,
821 1691 903 1742 12.

892 2059 1061 2129 717.
1129 2057 1241 2129 Dc
1299 2056 1563 2142 eodem.
1629 2058 2012 2153 sequentia.

142 2310 353 2376 Salve
401 2309 648 2376 Thoma
694 2309 980 2393 didymo,
1508 2306 1677 2374 Arte
1721 2308 2013 2372 miranda
2057 2309 2249 2372 struis

142 2415 278 2479 dux
327 2433 573 2496 pugnae
618 2411 956 2495 legitimae,
1510 2412 2007 2477 conductoribus
2055 2414 2177 2476 tuis

143 2519 379 2583 salutis
422 2516 843 2599 signaculum.
1509 2515 1777 2579 coelcstc
1819 2515 2144 2597 palatium.

143 2720 379 2788 Mundi
423 2720 729 2802 princeps
775 2721 1048 2802 optimc,
1509 2719 1607 2785 Tu
1653 2729 2047 2786 mortuorum
2093 2729 2332 2805 motor,

145 2826 361 2889 forma
407 2823 591 2904 pacis
636 2821 892 2903 intimae,
1362 2821 1400 2880 5
1507 2825 1859 2889 viventium
1904 2835 2272 2909 promotor,
2673 2827 2756 2889 20

147 2927 451 2992 veritatis
500 2924 852 3008 speculum.
1510 2935 1773 2990 curator
1818 2927 2121 2991 debilium
2133 2950 2152 3010 3

151 3132 244 3196 Te
292 3131 563 3195 lucerna
607 3128 762 3192 fidei
961 3207 968 3215 ι
1507 3133 1813 3217 Abyssus
1857 3137 2129 3211 laetitiae,

150 3241 736 3319 perscrutatorque
783 3232 890 3296 dei
1508 3235 1738 3300 dulcor
1783 3237 2107 3317 amicitiae,

154 3338 459 3404 excelsus
509 3335 576 3398 iu
620 3335 848 3416 gloria.
1509 3336 1816 3401 defensor
1868 3335 2169 3400 fidelium.

154 3543 482 3626 Stigmata
524 3540 686 3606 Jesu
732 3539 973 3605 Christi
1323 3541 1402 3602 10
1507 3540 1694 3605 Nunc
1737 3542 1845 3624 pie
1891 3558 2010 3605 nos
2057 3549 2269 3622 tuere,
2671 3540 2755 3603 25

152 3653 457 3731 patenter
501 3644 772 3709 introisti
1507 3664 1593 3708 ne
1636 3645 1844 3727 possit
1886 3662 2006 3708 nos
2051 3652 2301 3707 terrers

155 3756 222 3812 ct
265 3766 429 3810 vcra
471 3747 800 3828 mysteria.
1391 3823 1396 3834 .
1508 3746 1821 3811 malorum
1866 3746 2264 3828 adversitas3

160 3951 256 4015 'l'u
300 3953 616 4030 virtutum
658 3952 904 4035 radim,
1515 3952 1654 4017 Fac
1697 3968 1815 4016 nos
1861 3950 2084 4016 Jcsum
2132 3970 2401 4016 cernere
2414 3999 2432 4034 ,

161 4073 286 4136 quo
336 4055 609 4136 virginis
654 4055 823 4121 filius
919 4077 928 4080 *
1514 4056 1624 4138 qui
1667 4055 1812 4119 fons
1858 4064 1959 4119 est
2005 4055 2157 4120 vitae
2205 4074 2384 4118 verae
2404 4101 2422 4136 ,

162 4157 271 4222 det
319 4157 556 4221 mundo
598 4157 911 4223 solatium.
1327 4159 1407 4220 15
1513 4168 1881 4224 sanctorum
1926 4160 2228 4224 suavitas.
2676 4153 2760 4216 30

331 4333 449 4388 Ans
486 4333 786 4390 dorselhen
820 4335 916 4391 Hs.
949 4332 990 4389 f.
1027 4337 1148 4390 233.
1197 4336 1297 4392 mit
1344 4336 1445 4392 der
1481 4337 1741 4393 melodis.

331 4459 394 4509 11
433 4461 728 4527 potenter,
766 4457 858 4511 Hs.

331 4576 609 4648 Obgleich
656 4576 770 4631 alle
807 4576 998 4633 neimo
1050 4576 1231 4633 dieses
1269 4575 1466 4634 Liedss
1503 4576 1723 4650 stumpf
1763 4578 1905 4634 oder
1936 4576 2214 4632 mannlich
2251 4576 2408 4648 sind,
2470 4592 2538 4632 so
2578 4574 2764 4630 haben

157 4664 240 4720 sic
276 4663 424 4721 doch
460 4669 497 4719 2
533 4664 752 4738 Sylben
787 4664 898 4720 wic
932 4666 988 4720 in
1024 4664 1131 4722 No.
1168 4667 1289 4721 ⁷10.
1325 4669 1446 4721 711.
