3175 5234
208 476 395 543 Voce
438 474 628 558 lapsa
671 475 923 541 coelitus

210 580 420 646 factus
462 587 565 645 est
608 578 913 643 divinitus

214 683 447 765 dignus
493 682 828 766 episcopio

211 783 361 849 coeli
404 782 784 848 testimonio.

213 970 615 1038 Homicidam
660 970 909 1052 visitat,

213 1082 350 1161 tres
394 1074 648 1139 occisos
693 1073 990 1153 suscitat,

215 1183 354 1241 tres
398 1182 665 1257 ereptos
708 1174 983 1239 vinculis

215 1278 345 1344 fert
388 1277 474 1342 ad
516 1277 774 1342 domum
821 1276 1124 1342 consulis.

214 1465 467 1532 Aurum
512 1466 677 1531 clam
721 1464 1011 1531 exhibuit
1030 1514 1047 1548 ,

216 1568 337 1634 sed
379 1568 594 1654 palam
638 1568 968 1652 prohibuit

215 1672 613 1736 voluntatem
666 1672 998 1737 criminum

216 1774 425 1858 patris
470 1781 665 1856 atque
709 1773 1049 1854 virginum.

216 1982 387 2052 Auri
430 1984 584 2050 dato
628 1981 921 2066 pondere

216 2087 552 2155 festinavit
597 2088 830 2152 tollere

218 2193 455 2257 malam
500 2197 567 2254 et
608 2189 922 2254 nefariam

216 2295 455 2360 famem
499 2300 567 2358 et
607 2292 950 2357 infamiam.

220 2497 514 2564 Vocatur
555 2498 623 2562 in
667 2502 1054 2581 tempestate

220 2601 417 2669 fessis
466 2602 679 2666 nautis
724 2618 963 2683 quassa
1013 2606 1155 2664 rate
1174 2645 1192 2681 ‚

224 2702 383 2769 dicit
430 2697 748 2786 „assum“‚
793 2703 941 2767 silet
982 2719 1199 2782 mare,

224 2804 341 2869 dat
386 2804 470 2868 ad
515 2810 771 2887 portum
814 2803 1157 2886 remigare.

225 3008 514 3075 Tandem
557 3012 724 3074 bene
768 3007 1063 3073 meritum

228 3113 658 3194 coeloseddit
699 3113 994 3198 spiritum

224 3217 450 3285 fruens
494 3215 620 3281 deo
665 3216 870 3282 libere

225 3318 399 3383 liber
444 3320 658 3385 carnis
702 3337 923 3383 onere.

228 3522 660 3609 Sepulchrum
699 3540 1129 3587 marmoreum

229 3646 487 3693 sacrum
531 3628 731 3693 stillat
776 3629 1009 3711 oleum,

227 3730 401 3795 unde
446 3730 622 3794 salus
665 3731 991 3813 languidis

229 3837 411 3899 venit
452 3834 666 3898 multis
708 3835 1114 3900 multimodis.

1375 577 1461 642 30

1376 1172 1461 1235 35

1377 1771 1461 1836 40

1386 3111 1472 3174 50

1566 468 1781 538 Caecis
1824 472 2004 538 visus
2047 470 2376 555 redditur,

1566 576 1838 641 claudus
1881 574 2030 640 inde
2063 575 2398 658 'graditur3

1564 677 1720 743 illuc
1762 697 1970 763 perge
2016 678 2249 743 debilis

1567 786 1638 857 et
1680 798 1912 865 sospes
1955 780 2104 846 inde
2152 783 2384 847 resilis.

1566 964 1859 1052 Depulso
1903 987 2025 1050 per
2069 966 2286 1031 odium

1566 1077 1786 1136 cessat
1830 1070 2242 1152 stillicidium,

1566 1188 1842 1235 reverso
1886 1170 2198 1254 pontifice

1565 1280 1786 1337 manat
1826 1271 1956 1336 hoc
1997 1271 2284 1337 mirifice.

1566 1461 1811 1544 Magne
1858 1459 2018 1523 deus
2064 1458 2329 1540 adonai,

1566 1581 1688 1628 nos
1734 1570 1805 1627 ut
1847 1571 2078 1626 nautas
2121 1560 2378 1627 Nicolai

1655 1665 1782 1731 duc
1827 1664 1911 1730 de
1954 1664 2170 1731 mundi
2215 1664 2491 1729 turbine.

1567 1855 1644 1921 ln
1686 1853 1814 1919 hoc
1857 1851 2093 1919 mundo
2139 1850 2554 1933 fluctuamus,

1569 1958 1654 2022 de
1696 1954 2021 2041 profundo
2067 1953 2466 2019 clamitamus

1656 2077 1775 2125 nos
1820 2056 2085 2138 exaudi,
2132 2055 2404 2120 domine.

1572 2247 1648 2314 In
1691 2246 1817 2311 hoc
1860 2244 2029 2309 festo
2075 2244 2170 2309 tui
2211 2242 2510 2326 praesulis

1572 2367 1744 2415 nunc
1789 2347 2021 2412 adesto
2064 2347 2189 2411 tuis
2234 2346 2489 2410 famulis

1662 2452 1840 2516 salus
1883 2452 1947 2514 in
1993 2451 2303 2535 periculis

1663 2565 1731 2621 et
1773 2557 2028 2643 peccati
2072 2555 2365 2638 vincum,
2425 2570 2432 2577 ·

1573 2742 1665 2810 Ut
1705 2743 1979 2808 mortale
2023 2742 2233 2826 pellas
2281 2738 2528 2823 odium,

1576 2848 1863 2913 salutare
1910 2844 2117 2909 stilles
2165 2843 2406 2924 oleum,

1664 2950 1875 3014 oleum
1919 2946 2199 3027 laetitiae,

1662 3052 2044 3118 medicinam
2088 3050 2339 3132 gratiae.

1466 3278 1475 3285 ⁴
1576 3237 1768 3307 Unde
1812 3256 1933 3303 nos
1980 3237 2283 3302 divinitus

1576 3362 1781 3425 unge,
1827 3348 2050 3407 sancte
2097 3338 2391 3423 spiritus,

1577 3444 1817 3512 munda
1862 3444 2078 3510 cordis
2124 3443 2416 3524 oculum,

1580 3549 1768 3615 salva
1811 3555 2105 3614 cunctum
2152 3545 2488 3630 populum,

1393 3731 1479 3795 55
1581 3733 1722 3800 Fac
1766 3753 1885 3800 nos
1929 3734 2138 3818 ipsum
2183 3741 2249 3800 te
2292 3732 2562 3816 videre,

1582 3839 1711 3904 hoc
1757 3846 1859 3904 est
1901 3837 2140 3903 donum
2181 3838 2336 3903 vitae
2373 3856 2552 3902 vere.

2732 781 2816 845 60

2733 1459 2818 1521 65

2735 2055 2820 2125 70

2740 2743 2825 2805 75

406 4043 502 4098 Hs.
539 4060 611 4098 zu
645 4041 1001 4100 Lichtenthal
1054 4044 1155 4101 des
1193 4049 1261 4103 14
1294 4046 1492 4105 Jahn-h.
1544 4048 1674 4118 (A).
1746 4050 1842 4104 Hs.
1880 4065 1951 4103 zu
1986 4049 2276 4120 Stuttgart
2326 4047 2473 4103 Bibl.
2507 4048 2583 4101 Μ
2632 4044 2674 4101 f.
2708 4048 2833 4101 221.

176 4148 183 4155 -
232 4116 516 4186 tlioilweis
553 4130 743 4187 defeat
802 4132 933 4203 (B).
1011 4133 1106 4188 ιιι.
1145 4133 1247 4189 «10³
1280 4135 1479 4191 histor.
1516 4134 1755 4190 Vereins
1801 4152 1873 4190 zu
1914 4132 2290 4205 magnusve,
2346 4135 2416 4186 ιε
2450 4132 2647 4189 Jahrh.
2699 4131 2829 4203 (ο)

230 4216 330 4272 Hs.
375 4233 447 4271 zu
480 4217 764 4291 Bamberg
797 4218 896 4274 Ed.
934 4219 1020 4290 111,
1056 4222 1108 4274 6.
1145 4219 1243 4276 des
1289 4223 1356 4275 12
1389 4222 1587 4277 Jahrb.
1637 4221 1771 4293 (D).
1841 4221 1936 4276 Hs.
1975 4236 2093 4276 von
2145 4220 2204 4275 S.
2237 4219 2410 4275 Peter
2444 4235 2516 4274 zu
2547 4217 2834 4291 Salzhurg

232 4302 359 4373 m*
382 4304 470 4357 20.
520 4305 622 4359 des
658 4308 728 4359 14
760 4307 957 4363 Jahrb.
1006 4307 1109 4364 mit
1145 4306 1246 4363 der
1284 4306 1523 4366 Melodie
1571 4307 1694 4378 (E).
1764 4308 1986 4364 Andere
2023 4306 2118 4362 Hs.
2165 4305 2421 4362 daselbst
2465 4305 2567 4375 IX,
2605 4308 2686 4361 11.
2735 4305 2836 4360 des

236 4391 306 4442 12
342 4389 541 4445 Jahrb.
578 4391 703 4461 (F).
776 4392 1029 4448 Breviar.
1066 4393 1358 4466 Herbipol.
1396 4396 1464 4448 15
1498 4395 1696 4451 Jahrb.
1747 4395 1874 4465 (G).
1942 4393 2040 4449 Hs.
2077 4409 2148 4446 zu
2183 4392 2427 4448 Admont
2458 4391 2565 4447 No.
2594 4394 2697 4446 1751
2735 4391 2835 4449 des

238 4479 307 4530 13
343 4477 540 4533 Jahrb.
577 4478 681 4534 mit
711 4477 958 4535 Neumen
1007 4482 1135 4551 (Η).
1206 4481 1305 4537 Hs.
1342 4498 1414 4537 zu
1448 4481 1621 4539 Gratz
1656 4483 1784 4555 4616
1827 4482 1927 4537 des
1966 4485 2033 4536 12
2068 4480 2264 4536 Jahrb.
2313 4479 2414 4536 mit
2447 4480 2694 4536 Neumen
2730 4479 2832 4551 (1).

235 4563 403 4619 Steht
455 4566 601 4620 auch
652 4566 711 4620 in
758 4566 861 4622 der'
896 4567 1234 4627 Miinehener
1267 4568 1365 4627 Hs.
1420 4570 1559 4645 le.
1600 4571 1755 4629 1104.
1809 4566 1848 4625 f.
1896 4571 2013 4625 123.
2068 4568 2167 4624 des
2223 4568 2289 4625 13
2326 4568 2522 4625 Jahrb.
2576 4568 2690 4625 und
2739 4567 2836 4623 bei

234 4649 428 4707 Daniel
455 4655 508 4721 2,
544 4655 667 4709 252.

696 4838 741 4853 n
