3175 5234
302 703 525 778 1012.
593 703 711 775 De
765 729 821 773 s.
872 699 1261 775 Ratherina
1317 700 1644 775 Senensi.
1725 660 2025 803 hymnus
2078 702 2169 774 ad
2224 728 2572 803 vesperas.

127 908 300 975 Haec
333 916 464 973 tnae
490 909 684 991 virgo
713 915 1125 973 monumenta
1153 909 1385 992 laudis,
1490 916 1898 991 temperans,
1973 908 2163 974 fortis
2221 927 2481 991 quoque
2525 909 2747 993 justa,

131 1031 288 1095 quae
331 1011 457 1076 tuis
500 1007 656 1094 laeti,
701 1007 1079 1086 Katherina,
1126 1012 1332 1075 sacris

128 1115 266 1179 hoc
353 1112 608 1197 quidem
699 1125 900 1198 pacto
988 1113 1389 1180 modulemur

870 1206 1124 1300 omnes,

222 1318 449 1403 profer
495 1315 778 1403 olympo.

133 1505 218 1573 Si
260 1508 419 1572 satis
452 1508 651 1591 digne
682 1515 1019 1591 nequeant
1046 1508 1301 1590 referri,
1350 1511 1387 1570 5

131 1630 386 1678 annuas
432 1613 619 1678 nobis
664 1612 926 1675 veniam
967 1630 1334 1695 precamur,

135 1735 271 1781 non
310 1734 527 1781 sumus
558 1707 742 1797 tanti,¹
784 1716 1064 1798 ingenue
1096 1714 1389 1797 fatemur,

229 1819 470 1901 optima
512 1820 723 1902 virgo.

139 2006 301 2084 Quis
321 2007 437 2071 fnit
459 2005 692 2089 dignus
708 2007 1075 2071 modulatus
1095 2027 1392 2089 umquam

137 2109 467 2191 virginum
531 2108 796 2192 laudes,
872 2111 1014 2191 quis
1091 2110 1156 2173 in
1233 2111 1393 2174 orbe

871 2217 1010 2276 toto
1311 2213 1391 2275 10

133 2312 398 2377 feminae
442 2313 703 2377 invictae
748 2314 1039 2395 peritura
1069 2299 1394 2396 nunquam

229 2416 515 2481 carmina
557 2415 803 2500 pandet
824 2418 860 2481 *ἓ

135 2602 413 2668 Credita
430 2605 766 2689 exempliS‚
781 2603 1161 2689 Katherina,
1176 2607 1390 2688 chria,

138 2707 427 2771 moribus
445 2713 791 2790 praestans,
824 2709 1087 2792 sapiens
1114 2708 1391 2790 abunde,

2235 1015 2526 1097 prudens
2664 1016 2744 1076 15

1578 1115 1832 1180 aethera
1874 1115 2151 1181 scandis,

1493 1302 1697 1380 Quem
1801 1300 1964 1367 latet
2057 1304 2264 1368 virtus
2362 1303 2749 1388 facinusque

2092 1413 2097 1422 ’
2221 1409 2464 1473 clarum
2486 1456 2501 1487 ‚

1494 1528 1624 1592 qno
1668 1509 1891 1591 nequit
1937 1507 2064 1573 dici
2100 1509 2293 1573 latius
2339 1530 2462 1593 per
2497 1512 2749 1592 orbem,

1494 1614 1831 1677 vulnerum
1869 1611 2141 1676 formam
2172 1612 2477 1677 miserata
2505 1612 2747 1677 Christi

1580 1715 1887 1797 exprimis
1934 1713 2094 1796 ipsa.
2670 1717 2754 1779 20

1493 1900 1540 1968 J
1542 1921 1646 1965 am
1665 1903 1885 1965 brevis
1904 1909 2152 1965 moestae
2171 1903 2557 1984 miseraeque
2570 1904 2744 1986 vitae,

1497 2011 1568 2067 ut
1594 2003 1781 2067 malis
1811 2004 2058 2068 cunctis
2088 2005 2345 2087 penitus
2377 2005 2663 2088 refertae,

1497 2106 1754 2172 fortiter
1790 2127 2106 2192 spernens
2139 2109 2441 2193 preciosa
2470 2127 2745 2191 quaeque

1587 2209 1808 2273 sidera
1851 2209 2057 2274 adisti.

1499 2399 1758 2465 Gratias
1771 2420 2049 2464 summas
2063 2401 2412 2465 babeamus
2427 2418 2651 2466 omnes
2664 2400 2746 2464 25

1499 2501 1635 2565 filio
1666 2503 1884 2584 magni
1912 2503 2227 2584 genitoris
2259 2503 2449 2585 almo,

1499 2606 1791 2688 spiritum
1821 2614 2111 2671 sanctum
2144 2627 2529 2674 veneremur
2558 2615 2625 2673 et
2646 2609 2733 2686 sit

1584 2709 1729 2772 laus
1775 2716 1988 2773 tamen
2034 2729 2180 2774 una.

320 2891 416 2946 Hs.
450 2907 567 2946 von
602 2891 661 2947 S.
699 2892 871 2946 Peter
906 2891 1011 2945 No.
1047 2892 1117 2945 63
1155 2907 1225 2944 zu
1261 2890 1597 2959 Karlsruhe,
1633 2893 1698 2943 15
1735 2891 1933 2946 Jahrb.

317 3013 352 3065 5
371 3009 605 3082 referre,
643 3013 736 3068 Hs.
807 3014 878 3066 23
907 3027 1143 3081 quoque,
1181 3011 1276 3067 Hs.
1350 3014 1421 3066 2⁷
1461 2981 1694 3081 spiritus
1724 3017 1951 3066 sanctus
1987 3016 2302 3066 veneretur.

323 3132 453 3188 Dies
490 3135 601 3189 und
637 3134 739 3189 das
767 3131 1034 3204 folgende
1063 3131 1198 3186 Lied
1226 3132 1352 3187 sind
1380 3137 1543 3188 unter
1571 3133 1694 3187 dem
1721 3129 1961 3187 Einfluss
1992 3132 2091 3187 der
2119 3133 2470 3188 klassischen
2499 3136 2753 3206 Sprache

146 3218 260 3274 und
295 3219 631 3277 Dichtkunst
664 3222 926 3293 gemacht
962 3220 1076 3274 und
1111 3219 1296 3278 haben
1331 3220 1453 3274 sich
1488 3218 1739 3274 dadurch
1764 3236 1879 3274 von
1908 3220 2032 3274 dem
2060 3220 2410 3276 kirchliehen
2434 3221 2753 3277 Charakter

152 3302 416 3362 entfernt.

386 3590 603 3665 1013.
682 3591 798 3661 De
850 3615 905 3663 s.
957 3588 1352 3662 Ratharina
1400 3588 1723 3662 Senensi.
1783 3588 2083 3688 hymnus
2130 3585 2221 3657 ad
2267 3585 2532 3706 laudes.
2636 3639 2641 3646 .

150 3805 302 3871 Jam
348 3804 539 3869 ferox
582 3804 765 3870 miles
810 3801 926 3870 tibi
977 3823 1158 3889 saepe
1204 3806 1404 3871 cessit
1509 3804 1752 3870 Niteris
1795 3803 2018 3868 verbis
2062 3821 2378 3869 revocare
2426 3799 2667 3885 lapsos,

151 3916 222 3971 et
266 3905 465 3971 duces
511 3908 643 3971 iras
688 3923 968 3988 posuere
1011 3925 1246 3988 saevas,

152 4007 223 4072 hi
265 4025 495 4072 necem
541 4008 749 4072 diram
792 4009 1037 4093 populo
1085 4010 1304 4073 minati

244 4127 429 4193 saepe
474 4107 768 4174 Senensi.

145 4231 334 4354 'Quid
394 4272 568 4356 quod
620 4282 687 4338 et
741 4275 945 4339 sacris
1000 4274 1227 4340 studiis
1272 4274 1405 4339 fre-

891 4387 1165 4460 quenter

154 4478 408 4543 viribus
457 4481 716 4543 summis
762 4497 1031 4563 operam
1075 4481 1365 4547 dedisti?

155 4581 400 4648 litterae
447 4581 660 4650 doctae
695 4582 1064 4668 lepidaeque
1109 4585 1301 4652 claris

247 4688 516 4756 urbibus
559 4695 801 4754 extant.

1461 3901 1466 3905 ’
1510 3909 1734 3991 niteris
1760 3917 2010 3972 rectum
2047 3907 2327 3972 suadere
2357 3906 2625 3987 cunctis,
2676 3905 2759 3969 10

1517 4012 1614 4076 sic
1658 3998 1790 4076 ais}
1839 4018 2080 4075 tantum
2125 4011 2421 4094 probitas
2466 4011 2699 4073 beatos

1604 4113 1805 4179 efficit
1849 4131 2089 4177 omnes.
2652 4123 2655 4126 ’

1513 4279 1679 4346 Jura
1725 4286 1794 4342 tu
1832 4295 2032 4341 saevae
2070 4273 2495 4340 tremebunda
2537 4275 2765 4346 mortis

1367 4381 1406 4441 5
1457 4390 1472 4405 ·
1514 4383 1771 4447 fortiter
1834 4389 2159 4460 temnens,
2226 4377 2385 4442 nihil
2457 4378 2764 4446 extimes-

2244 4497 2399 4547 cens

1517 4589 1851 4675 praemium
1881 4594 2124 4657 nostrae
2152 4529 2445 4652 vocitare
2478 4585 2634 4651 vitae
2683 4584 2764 4647 15

1608 4712 1788 4778 saepe
1832 4692 2111 4757 solebas.
