3175 5234
2646 264 2776 329 1⁶⁷

959 657 1131 732 750.
1210 659 1325 730 De
1377 683 1520 731 unc
1574 658 2001 731 consessore.

159 863 541 944 Gratulare,
587 878 831 945 sponsa
867 858 1143 945 Christi,
1528 861 1816 927 Caritate
1859 861 2199 943 rutilabat,

158 985 312 1049 quae
361 983 490 1047 per
534 961 732 1026 fidem
776 962 1056 1045 genuisti
1527 965 1805 1029 veritate
1849 964 2265 1045 fulminabat,

160 1069 384 1132 virum
427 1066 592 1130 tanti
634 1065 909 1130 nominis
927 1112 947 1148 ‚
1527 1075 1784 1131 terrens
1829 1065 2265 1131 adversarios.

160 1254 236 1319 In
283 1269 421 1336 que
465 1258 657 1333 pater
700 1250 1017 1333 gloriatur
1527 1253 1705 1320 Ecce
1747 1228 1999 1339 Jo'seph
2042 1254 2434 1337 fortunatus,
2692 1257 2778 1319 25

163 1366 232 1423 et
273 1357 559 1420 virtutes
606 1361 943 1438 operatur,
1387 1353 1426 1414 5
1528 1358 1632 1419 vir
1676 1376 2059 1423 accrescens
2106 1365 2174 1422 et
2216 1360 2533 1442 probatus

161 1459 389 1545 gaude
408 1507 428 1542 ‚
473 1465 685 1523 mater
729 1458 978 1523 nobilis·
1528 1465 1597 1527 in
1643 1472 1995 1548 conspectu
2039 1464 2365 1549 principis.

165 1646 418 1712 Plaude
467 1666 694 1727 manu,
740 1665 908 1714 voce
953 1646 1193 1728 clama,
1530 1651 1654 1718 Hic
1697 1662 1923 1738 aperte
1970 1655 2340 1721 declaratur
2365 1703 2382 1738 ,

167 1751 573 1816 confessoris
615 1772 739 1835 per
782 1759 848 1814 te
894 1750 1067 1814 fama
1533 1774 1662 1836 qua
1705 1755 1943 1819 virtute
1990 1755 2307 1837 dirigatur

169 1864 434 1921 crescat
476 1864 545 1919 et
588 1855 933 1936 memoria3
1530 1858 1641 1920 via
1684 1856 1810 1920 viri
1847 1858 2173 1942 simplicis.
2697 1860 2784 1925 30

169 2044 403 2110 Crevit
444 2042 612 2106 enim
657 2049 808 2107 ante
860 2041 1081 2126 deum,
1349 2044 1431 2108 10
1535 2041 1590 2106 Ο
1636 2062 1825 2124 quam
1871 2044 2158 2128 prudens
2204 2054 2272 2110 et
2313 2045 2525 2110 fidelis

172 2147 286 2230 qui
333 2148 598 2212 beatum
643 2145 799 2210 fecit
845 2165 988 2210 eum
1399 2162 1406 2169 “
1535 2145 1974 2229 dispensator,
2021 2148 2131 2228 qui
2174 2147 2239 2211 in
2286 2148 2467 2213 coelis

170 2251 238 2313 in
288 2249 540 2313 coelesti
586 2249 831 2331 gloria3
1535 2257 1719 2315 certo
1762 2248 2007 2332 gaudet
2051 2250 2266 2333 titulo,

178 2435 392 2521 Cujus
435 2445 633 2520 caput
676 2443 744 2500 et
787 2435 1083 2501 doctrina
1536 2438 1667 2507 Ubi
1713 2441 1937 2506 fruens
1982 2440 2287 2506 coelibatu
2305 2485 2325 2521 ,

173 2540 371 2624 quasi
413 2540 606 2604 stella
648 2540 961 2603 matutina
1536 2560 1658 2607 nos
1702 2543 2006 2607 absolvat
2049 2562 2092 2606 a
2136 2547 2323 2605 reatu
2705 2541 2787 2604 35

176 2644 360 2709 lucet
402 2643 470 2707 in
508 2650 912 2727 perpetuum.
1352 2641 1431 2704 15
1535 2646 1763 2710 mortis
1809 2653 1876 2711 et
1909 2644 2223 2728 periculo.

180 2834 314 2899 Per
360 2840 426 2897 te
471 2832 710 2914 flagrat
746 2832 894 2897 haec
937 2832 1205 2897 lucerna
1535 2830 1772 2895 Praebe
1816 2832 1991 2916 pias,
2037 2840 2257 2915 pater,
2304 2848 2531 2914 aures,

173 2938 486 3022 praebens
531 2936 656 2998 iter
697 2933 782 2999 ad
826 2952 1110 3018 superna
1128 2979 1146 3014 ,
1537 2933 2018 3015 qualescunque
2064 2952 2241 2997 sume
2287 2931 2516 2998 landes
2537 2979 2557 3015 ,

176 3039 346 3103 deus
393 3036 807 3101 exercituum.
1537 3034 1770 3101 doctor
1814 3036 2268 3117 celeberrime,

177 3226 330 3292 Non
373 3227 440 3290 in
482 3243 642 3290 vase
686 3244 808 3290 nec
854 3226 972 3289 sub
1019 3224 1191 3288 lecto
1351 3242 1362 3259 *
1533 3221 1763 3287 Funde
1809 3241 2041 3306 preces
2086 3221 2260 3306 apud
2308 3220 2654 3304 Christum,
2699 3220 2795 3285 40

181 3327 569 3409 constituta,
613 3327 731 3391 sed
774 3327 841 3391 in
885 3332 1064 3390 tecto
1353 3322 1435 3385 20
1539 3330 1611 3389 ut
1652 3323 1969 3389 instauret
2014 3323 2279 3388 chorum
2321 3322 2515 3385 istum

177 3428 413 3514 procul
457 3430 697 3513 sparsit
738 3426 976 3492 radios.
1536 3425 1688 3509 paci
1731 3426 2194 3491 saluberrimae.

364 3614 427 3668 ln
464 3612 620 3668 einer
654 3611 1224 3686 Hymnensammlnng
1260 3610 1362 3666 der
1396 3612 1494 3668 Hs.
1530 3629 1601 3667 zu
1636 3612 1807 3669 Grata
1842 3614 1966 3684 42s6
2002 3614 2101 3668 des
2138 3615 2206 3666 12
2241 3611 2438 3668 Jahrb.

371 3736 440 3788 15
473 3739 767 3806 perpetua,
802 3734 899 3788 Hs.
958 3735 1030 3788 40
1065 3731 1238 3802 illum,
1275 3732 1373 3788 Hs.
1432 3733 1530 3789 Sie
1557 3733 1807 3789 schreibt
1835 3735 1980 3789 nach
2005 3734 2155 3791 alter
2180 3732 2382 3789 Weise
2413 3736 2492 3789 set
2522 3730 2634 3788 und
2662 3735 2801 3805 aput.

357 3853 440 3995 ἕ.
474 3855 524 3910 8.
577 3853 952 3912 confessores.
1007 3854 1241 3923 Quotie-
1276 3852 1420 3909 bene
1459 3854 1593 3925 quid
1627 3853 1859 3926 agimus,
1896 3853 2058 3908 deum
2093 3853 2436 3913 confitemur.
2488 3856 2702 3912 Hieron.
2739 3854 2798 3908 in

188 3957 285 4012 ep.
320 3957 356 3998 a
428 3942 536 3997 Tit.
577 3946 626 4011 1,
666 3943 748 3997 16.

473 4228 644 4301 751.
716 4227 837 4298 De
889 4224 1301 4326 virginibus.
1370 4225 1640 4299 Puella
1685 4229 1962 4300 turbata
2030 4226 2519 4323 (troparium).

183 4465 239 4528 1.
315 4461 577 4531 Scalam
622 4469 710 4534 ad
758 4470 961 4536 coelos
1548 4420 1610 4481 2⁶
1681 4416 1886 4501 cnjus
1928 4419 2057 4483 ima

1049 4575 1063 4590 .
1190 4575 1205 4591 .
1678 4520 1882 4587 draco
1927 4539 2196 4585 servare
2243 4527 2471 4586 cautus

314 4571 718 4659 subrectam,
765 4583 1102 4641 tormentns
1148 4583 1441 4658 cinctam,
1691 4625 1990 4707 invigilat
2024 4624 2304 4709 jugiter,
2769 4628 2809 4687 5
