3175 5234
413 409 575 468 zwei
609 409 812 466 Lieder
848 406 955 465 auf
980 409 1080 465 ihn
1115 408 1315 468 stem
1349 409 1410 464 in
1441 408 1558 466 den
1601 408 1749 466 Aah
1781 407 1887 468 SS-
1922 409 2068 480 Aug.
2103 408 2141 463 6
2172 423 2227 479 p.
2264 409 2387 466 5⁹⁹.
2454 408 2571 466 Das
2616 409 2742 465 eine
2795 410 2854 466 in

237 500 311 560 18
344 497 718 570 vieneiligen
752 497 1039 569 Str-ephon
1075 496 1177 554 mit
1211 498 1336 554 dem
1369 494 1631 567 mag:
1677 493 1949 554 Lucerna
1986 510 2155 551 novoe
2189 495 2422 568 specula
2436 536 2452 566 ‚
2500 496 2604 552 das
2640 497 2851 553 andere

237 587 296 641 in
329 586 403 640 20
437 584 798 657 dreizciligen
835 584 1124 656 Strophen
1158 584 1261 640 mit
1294 585 1419 640 dem
1453 579 1710 654 Anfang:
1750 582 1909 637 Nunc
1947 580 2177 637 festivae
2214 587 2418 638 sonent
2454 583 2669 639 laudes.

1181 865 1354 940 916.
1423 866 1542 938 De
1594 890 1651 939 s.
1701 862 1910 938 Fide.

243 1072 473 1137 Gaude
516 1072 707 1154 virgo
752 1070 982 1153 Fides,
1337 1125 1350 1137 .
1485 1118 1493 1126 -
1606 1071 1832 1138 Gaude
1876 1072 2107 1138 florida
2150 1069 2371 1152 Fides,

243 1174 418 1258 quod
459 1165 803 1240 virtutibus
846 1175 1025 1242 rides
1458 1209 1468 1218 ·
1606 1174 1779 1258 quod
1825 1174 1909 1238 de
1955 1174 2105 1239 coeli
2148 1174 2328 1240 cives

173 1280 178 1283 ’
332 1298 410 1345 ac
454 1280 830 1361 nobilitate3
1084 1278 1121 1321 '·
1410 1323 1416 1328 -
1690 1276 1958 1342 laudant
2000 1277 2066 1341 in
2102 1277 2545 1361 jocunditate,
2601 1301 2607 1308 ·
2775 1279 2855 1341 15

241 1380 458 1465 gaude
505 1387 731 1446 sancta
773 1379 999 1461 Fides,
1114 1369 1138 1466 ἰ
1602 1378 1819 1463 gaude
1867 1382 2062 1445 beata
2105 1379 2307 1452 Fides
2328 1430 2347 1465 ‚

243 1483 596 1549 christiana
649 1481 816 1548 fides
1213 1492 1221 1500 '
1453 1483 1493 1546 5
1601 1484 1668 1547 in
1714 1483 2041 1548 miraculis
2088 1481 2276 1548 dives

329 1593 395 1651 te
439 1595 629 1651 ornat
671 1586 1103 1671 speciositate.
1497 1613 1506 1620 ·
1691 1604 1772 1650 es
1809 1584 1916 1650 dei
1957 1594 2303 1670 potestate.

246 1771 473 1838 Gaude
516 1781 766 1854 martyr
810 1769 1008 1837 Fides
1020 1793 1040 1854 3
1171 1822 1180 1831 .
1601 1770 1732 1856 Eja
1774 1772 1885 1856 pia
1931 1780 1997 1836 et
2041 1773 2324 1836 clemens
2369 1765 2601 1854 Fides,

247 1876 422 1959 quod
464 1876 722 1959 ingrate
776 1894 905 1940 non
951 1874 1186 1940 strides
1605 1875 1751 1940 dele
1797 1876 2115 1940 scelerum
2159 1876 2344 1939 nives
2773 1876 2856 1938 20

332 1985 580 2043 semota
623 1978 1031 2062 poenalitate,
1687 1988 2054 2043 nostrorum
2105 1986 2217 2043 tua
2259 1979 2502 2061 pietate
2525 2025 2543 2059 ‚

243 2078 460 2166 gaude
506 2078 832 2143 decollata
875 2077 1112 2160 Fides,
1414 2078 1494 2141 10
1600 2081 1739 2163 fac,
1784 2099 1825 2148 o
1868 2082 2092 2147 inclita
2134 2081 2369 2162 Fides,

244 2201 393 2264 qua>
437 2179 769 2245 Christum
813 2199 985 2246 nunc
1027 2179 1213 2244 vides
1598 2199 1720 2248 nos
1757 2182 2135 2268 angelorum
2181 2181 2487 2248 concives

331 2283 649 2367 gaudiosa
695 2284 1076 2348 aeternitate.
1683 2283 1961 2368 posthac
2005 2284 2072 2348 in
2116 2282 2546 2367 perennitate.

422 2467 517 2524 Hs.
554 2469 612 2523 in
650 2453 1150 2523 Schlettstadt.'14
1185 2467 1381 2523 Jahrb.

381 2641 392 2650 .
426 2593 461 2644 2
499 2589 696 2647 besser
731 2591 955 2646 virtute.
1027 2594 1098 2645 22
1136 2595 1195 2647 et
1231 2588 1270 2645 f.
1307 2587 1419 2659 fac,
1455 2591 1551 2647 Hs.
1624 2594 1696 2646 24
1732 2596 1866 2663 post
1900 2591 2060 2663 hanc,
2097 2592 2193 2649 Hs.

1188 2891 1361 2963 917.
1420 2887 1535 2962 De
1585 2916 1641 2962 ε.
1687 2889 1887 2963 Fide.

561 3109 714 3178 Ave
759 3130 1018 3193 gemma
1062 3109 1376 3176 claritatis
1423 3119 1489 3175 et
1532 3112 1736 3175 instar
1779 3110 2187 3192 carbunculi,

561 3235 688 3280 ave
731 3231 890 3279 rosa
931 3213 1220 3297 paradisi
1263 3232 1444 3278 more
1490 3214 1792 3296 fragrans
1838 3213 2140 3293 balsami,

466 3299 473 3308 ’
561 3316 761 3382 Fides
807 3318 1005 3398 alma,
1055 3317 1241 3398 virgo
1287 3317 1475 3397 felix,
1522 3316 1813 3398 gloriosa
1856 3317 2130 3399 meritis,

560 3421 939 3486 assistentes
984 3428 1113 3485 tuae
1157 3419 1334 3486 laudi
1377 3419 1526 3486 coeli
1560 3419 1772 3504 junge
1817 3420 2092 3504 gaudiis.

558 3605 670 3673 Ad
716 3608 1028 3688 honorem
1075 3615 1269 3690 atque
1313 3607 1570 3672 laudem
1614 3609 1990 3692 sempiterni
2033 3607 2307 3674 numinis
2815 3611 2853 3672 5

549 3697 963 3779 ‘celebremus
1008 3710 1177 3774 diem
1223 3706 1500 3776 festum¹
1541 3719 1787 3778 sanctae
1811 3707 1840 3749 ²
1881 3710 2064 3779 Fidis
2109 3712 2420 3797 virginis,

565 3834 713 3899 quae
758 3834 879 3898 per
921 3815 1168 3897 ignem,
1213 3835 1335 3900 per
1381 3823 1701 3880 tormenta
1746 3816 2141 3900 calicemque
2188 3816 2520 3900 sanguinis

565 3926 668 3983 est
713 3917 955 4001 adepta
1000 3917 1370 4001 triumphati
1414 3917 1708 3983 bravium
1755 3920 2140 4005 certaminis.

562 4105 935 4174 Adoremus
981 4105 1427 4174 collaudantes
1474 4105 1797 4174 Christum
1843 4108 1949 4173 dei
1995 4107 2193 4174 filium
2215 4156 2234 4191 ,

565 4210 752 4294 cujus
796 4210 928 4277 fide
972 4212 1163 4294 virgo
1207 4209 1410 4276 Fides
1449 4210 1641 4294 huJus
1684 4213 1839 4276 vitae
1883 4211 2162 4278 stadium
2770 4210 2850 4276 10

523 4355 530 4362 ·
563 4315 1011 4398 percurrendo
1054 4312 1544 4399 comprehendit
1584 4314 1943 4381 immortale
1987 4315 2305 4380 bravium.

564 4502 775 4587 Virgo
801 4503 1017 4571 Fides
1060 4506 1399 4590 generor-is
1441 4504 1620 4570 edita
1664 4504 2047 4589 parentibus

563 4608 908 4691 generosis
950 4604 1149 4694 plus³
1185 4608 1430 4687 ‚effulsit
1471 4615 1658 4693 actu,
1698 4610 1909 4676 verbe
1925 4654 1945 4691 ‚
1987 4608 2300 4676 moribus.
