3175 5234
682 405 872 492 Doxa
926 406 1013 470 sit
1063 406 1269 490 patri,
1345 404 1523 472 doxa
1580 406 1725 491 ejus
1781 409 2035 491 genito,

680 509 950 591 teqnal‘n
1006 508 1182 574 doxa
1236 509 1321 574 sit
1374 516 1606 575 sancto
1661 512 2013 595 paraclito,

685 612 935 678 civibus
991 611 1251 677 summis
1309 611 1619 695 gaudium
1675 612 1760 677 sit
1818 614 2072 695 angelis
2090 661 2109 696 ‚

679 735 813 799 pax
871 713 955 779 sit
1007 714 1074 777 in
1125 714 1364 779 mundo
1423 714 1826 799 Margaretae
1884 715 2129 800 passio.

355 899 451 956 ns
470 914 556 981 „zu
591 896 867 956 Miinchen
903 898 1041 955 clm.
1078 899 1270 954 17645.
1307 900 1375 954 14
1410 899 1612 956 Jahrb.

332 1025 395 1078 -4
425 1022 663 1095 gaudia,
702 1023 800 1077 Hs.
900 1023 935 1074 5
972 1021 1317 1093 margaretae
1351 1018 1541 1091 fideli,
1592 1022 1690 1079 Hs.
1788 1024 1824 1077 9
1861 1039 2070 1091 orans,
2115 1023 2212 1077 Hs.
2314 1023 2381 1077 16
2412 1024 2650 1097 jungat,
2691 1025 2787 1081 Hs.

178 1112 259 1168 2⁰
294 1112 492 1168 besser
525 1107 818 1181 fulgidum.
911 1110 985 1162 22
1021 1108 1098 1161 sit
1134 1123 1236 1177 seq.
1259 1114 1341 1149 ·'—
1379 1109 1694 1179 pneumati,
1730 1109 1856 1180 Hs.;
1918 1109 2100 1164 bleibt
2135 1108 2255 1164 dies
2293 1110 2490 1166 stehen
2508 1152 2523 1181 ‚
2570 1126 2636 1168 so
2672 1111 2792 1166 lese

177 1216 311 1256 man
345 1199 554 1271 sitque,
602 1194 742 1253 abe'r
777 1197 867 1253 die
907 1210 1089 1268 ganzo
1127 1195 1381 1266 Strophe
1418 1196 1522 1250 hat
1559 1196 1692 1251 kein
1730 1202 1805 1252 et.

1134 1502 1355 1579 1044.
1420 1503 1538 1575 De
1590 1501 1851 1574 eadem.

180 1732 450 1802 Laudes
493 1733 710 1799 solvat
753 1712 1122 1816 harmonia,
1540 1733 1686 1817 ipsa
1731 1751 2051 1815 nunquam
2100 1734 2374 1800 violavit

173 1834 366 1921 ‚qnod
407 1835 473 1899 in
519 1833 668 1899 coeli
710 1833 1080 1899 hierarchia
1539 1835 1925 1918 Margareta
1966 1836 2160 1920 virgo
2204 1839 2332 1922 pia.

184 1959 434 2005 summa
478 1945 715 2022 regnat
762 1958 904 2005 cum
950 1936 1182 2022 sophia

185 2043 571 2126 margareta
615 2042 806 2126 virgo
850 2043 996 2127 pia,
1542 2023 1877 2110 Olybrium
1921 2026 2257 2109 refutavit,

1159 2193 1170 2201 ,
1542 2127 1936 2193 consortium
1988 2126 2107 2191 sed
2152 2129 2395 2193 amavit

184 2229 522 2317 Spernens
566 2230 806 2296 cultum
850 2228 1171 2296 idolorum
1394 2232 1435 2294 5
1542 2227 1786 2294 Christi
1809 2277 1828 2312 ,
1872 2237 2144 2296 mortem
2188 2231 2496 2295 toleravit
2707 2234 2787 2298 15

184 2336 539 2419 colensque
588 2334 778 2399 deum
825 2333 1123 2416 deorum,
1540 2333 1922 2417 Margareta
1963 2335 2156 2416 virgo
2201 2336 2330 2421 pia.
2615 2320 2632 2329 ⁵

184 2437 509 2505 scandens
555 2437 640 2503 ad
682 2455 911 2521 regem
949 2438 1260 2502 coelorum

185 2541 535 2623 Magareta
577 2539 768 2621 virgo
826 2539 952 2623 pia.
1450 2536 1455 2539 ’
1543 2522 1768 2588 Gloria
1811 2524 1896 2587 sit
1931 2524 2059 2588 deo
2102 2543 2267 2590 vero
2280 2573 2298 2609 ,

1539 2626 1744 2710 patri,
1790 2633 1944 2691 nato
1987 2626 2386 2712 flaminique,

185 2728 475 2794 Verbum
521 2726 765 2793 Christi
808 2727 1224 2812 praedicavit,
1305 2800 1311 2805 ,
1541 2731 1651 2814 qui
1696 2732 1960 2796 vocavit
2004 2731 2448 2815 Margaretam

188 2832 376 2916 cujus
421 2828 618 2895 fidem
663 2830 1108 2912 conservavit,
1351 2830 1432 2895 10
1537 2852 1710 2898 nnnc
1753 2834 1840 2898 ad
1885 2835 2034 2899 coeli
2070 2837 2388 2901 convivia.
2704 2838 2800 2908 20.

362 3020 461 3078 Hs.
495 3036 567 3075 zu
598 3018 875 3075 manchon
910 3018 1048 3075 clm.
1088 3018 1279 3073 17645.
1318 3019 1387 3072 14
1418 3016 1622 3074 Jahrb.

369 3144 439 3197 15
475 3140 755 3229 Christum
791 3155 899 3210 pro
936 3155 1048 3211 quo
1083 3138 1382 3195 tolleravit
1412 3143 1678 3208 mortem,
1713 3137 1810 3194 Hs.

786 3457 1006 3534 1045.
1073 3456 1464 3557 Sequentia
1507 3454 1598 3551 de
1644 3481 1699 3528 s.
1746 3456 2179 3558 Margareta.

188 3675 567 3742 Gratuletur
613 3678 788 3746 orbis
833 3684 1033 3762 totus,
1543 3675 1769 3743 laudat
1809 3679 2003 3743 turba
2045 3676 2384 3762 virginalis
2711 3678 2793 3744 10

186 3800 487 3867 praesens
531 3788 738 3846 coetus
784 3783 869 3846 sit
913 3782 1186 3849 devotus
1544 3781 1733 3848 verbi
1780 3799 2122 3867 sponsam,
2165 3803 2317 3848 nam
2361 3785 2480 3850 sub
2527 3782 2648 3847 alis

59 3873 63 3877 ’
269 3884 560 3970 jubilans
610 3885 677 3955 in
719 3884 962 3968 gaudio
1633 3891 1858 3949 sancta
1903 3891 2055 3950 sunt
2099 3885 2352 3951 solatia.

190 3985 280 4052 ad
319 3985 631 4052 honorem
678 3987 1107 4068 Margaretae,

190 4106 385 4174 quam
429 4090 674 4155 locavit
714 4091 780 4154 in
828 4091 1047 4173 quiete
1258 4114 1277 4127 κ
1398 4091 1438 4152 5
1543 4072 1682 4139 18ῐᾶ
1725 4090 1969 4156 ΒΡΟ11εᾶ
2013 4073 2244 4137 summi
2284 4071 2465 4154 regis

278 4212 401 4259 gua
444 4192 711 4276 grandis
754 4195 998 4279 passio,
1548 4192 1789 4258 expers
1835 4182 1980 4238 erat
2022 4174 2208 4240 falsae
2253 4173 2452 4257 legia,

550 4325 557 4331 -
1637 4276 1965 4343 Christum
2012 4277 2237 4343 colens
2285 4274 2639 4358 dominum3
2711 4276 2792 4340 15

189 4381 452 4453 Plaudit
493 4380 781 4465 phalanx
828 4385 1257 4463 supernorum
1272 4428 1292 4464 ,
1549 4396 1742 4444 soror
1785 4376 1945 4444 Sion
1989 4377 2270 4444 filiarum

194 4485 369 4571 quod
414 4481 794 4550 conscendit
839 4482 925 4546 ad
967 4483 1270 4566 polorum
1549 4480 1850 4547 unionem
1893 4482 2218 4546 fatuarum

280 4588 430 4655 haec
470 4587 629 4652 felix
672 4586 945 4671 palatia:
1260 4610 1273 4625 ·
1631 4584 1780 4649 haec
1824 4585 2210 4668 contempsit
2253 4584 2593 4668 virginum.
