3175 5234
379 451 521 522 Sex
565 456 762 522 struis
807 457 873 520 in
916 451 1142 521 Sicilia
1594 457 1634 520 5
1746 458 1845 525 Tu
1889 455 2281 542 Anglicanis
2325 457 2628 540 gentibus

464 568 535 624 et
578 560 919 643 septimum
960 560 1027 623 in
1072 556 1251 624 Urbe
1833 561 2141 628 doctores
2187 562 2624 644 transmisisti,

378 670 656 746 accepta
698 662 1131 741 monasteria,
1745 684 1907 750 quas
1951 665 2197 729 meritis
2244 673 2311 729 et
2352 665 2659 748 precibus

463 766 618 833 hinc
659 765 987 832 subtrahis
1029 772 1098 829 te
1143 766 1370 832 turbe.
1831 766 1921 831 ad
1960 765 2156 830 fidem
2203 765 2598 831 convertisti.

377 957 469 1028 Ut
509 977 712 1026 vaces
758 956 883 1024 deo
927 960 1133 1030 libere
1152 1005 1171 1039 ,
1741 953 1995 1019 Fleudo
2039 953 2390 1039 Trajanum
2436 970 2714 1017 revocas

465 1072 730 1140 terrena
773 1062 1249 1145 contempsisti,
1552 1059 1634 1121 10
1828 1076 1871 1122 a
1914 1075 2108 1141 poena
2156 1055 2533 1139 gehennali,

378 1172 452 1234 ut
494 1181 728 1250 posses
771 1165 886 1228 vix
931 1163 1320 1244 subsistere,
1742 1166 2057 1223 matronae
2101 1156 2296 1221 fidem
2342 1157 2630 1236 advocas

464 1268 564 1333 sic
606 1286 846 1350 corpus
892 1264 1197 1330 afflixisti.
1832 1278 2030 1325 carne
2074 1259 2544 1325 sacramentali.

375 1454 785 1539 Argenteam
814 1452 1252 1538 'parapsidem
1743 1450 1843 1516 Tu
1885 1450 2118 1534 plenus
2155 1466 2229 1512 es
2272 1447 2646 1525 virtutibus,

464 1576 680 1641 egeno
725 1559 1078 1640 erogabas,
1515 1551 1522 1556 ’
1826 1570 2100 1635 magnus
2146 1551 2532 1631 humilitate,

380 1661 465 1728 ad
511 1678 799 1725 mensam
842 1660 1020 1724 venit
1062 1656 1284 1723 itidem
1550 1660 1632 1722 15
1741 1662 1811 1720 tu
1855 1654 2082 1736 largus
2120 1673 2202 1717 es
2245 1654 2678 1737 pauperibus,

463 1770 619 1848 post
659 1782 943 1848 pauper,
990 1768 1057 1827 et
1102 1763 1407 1842 notabas',
1823 1759 2153 1843 perfectus
2198 1759 2557 1823 sanctitate.

374 1954 567 2039 Quod
609 1954 857 2020 vultum
899 1961 1103 2019 mutat
1147 1951 1469 2033 crebrius,
1738 1949 2056 2017 Columba
2098 1952 2329 2016 doctus
2374 1950 2644 2016 disseris

461 2056 582 2123 sed
626 2057 832 2122 refert
874 2057 1247 2143 adjuratus,
1822 2063 2080 2120 secreta
2123 2056 2623 2139 scripturarum,

374 2160 550 2249 quod
595 2162 870 2244 angelus
914 2160 999 2224 sit
1042 2159 1347 2243 proprius
1726 2155 1928 2238 J'uges
1974 2156 2325 2238 languores
2356 2156 2617 2250 *pateris

461 2287 505 2331 a
549 2264 676 2330 deo
720 2265 836 2329 tibi
881 2262 1089 2336 datus.
1544 2258 1629 2322 20
1825 2258 2215 2342 doloresque
2250 2278 2621 2344 poenarum,

371 2454 556 2536 Cum,
579 2472 819 2539 papam
865 2450 1230 2533 inguinaria
1734 2446 1875 2514 Sed
1918 2450 2132 2514 versis
2167 2450 2310 2533 jam
2353 2448 2757 2518 moeroribus'
2846 2449 2857 2496 Γ

462 2556 786 2624 decedere
832 2554 1083 2636 coegit,
1397 2549 1404 2555 ’
1820 2560 1888 2619 et
1931 2552 2187 2619 fletibus
2230 2555 2542 2619 inrisum
2724 2557 2728 2562 ’

373 2660 586 2729 omnis·
624 2657 920 2722 Romana
966 2655 1145 2720 curia
1725 2657 1883 2742 jam·
1910 2676 2151 2744 pausas
2196 2679 2238 2723 a
2284 2659 2621 2725 doloribus

457 2762 526 2827 in
570 2779 810 2847 papam
853 2765 942 2823 te'
965 2758 1197 2841 elegit3
1738 2808 1745 2813 -
1816 2761 1881 2825 iu
1927 2761 2120 2826 deum
2164 2761 2445 2827 tendens
2485 2763 2712 2829 visum.

369 2949 511 3016 Sed
554 2967 700 3016 cum
740 2946 887 3014 haec
930 2946 1302 3032 pestilentia
1539 2945 1624 3008 25
1731 2950 1825 3015 Te
1872 2920 2095 3033 quaeso
2140 2951 2293 3015 mihi
2338 2953 2593 3017 veniam

339 3095 345 3100 -
455 3054 715 3139 plebem
759 3051 975 3119 adhuc
1014 3057 1341 3133 vastaret,
1818 3060 1886 3115 et
1930 3052 2153 3134 fugam
2195 3054 2498 3118 vitiorum

368 3165 443 3224 ut
485 3156 675 3242 plebs
719 3173 986 3240 precum
1032 3152 1339 3218 instantia
1495 3147 1520 3160 ’“
1730 3174 2018 3240 exposce
2063 3155 2169 3220 dei
2213 3158 2492 3240 gratiam

454 3260 813 3326 ferventius
855 3265 1108 3341 oraret,
1447 3283 1452 3288 ·
1815 3266 1883 3325 et
1927 3260 2182 3345 copiam
2220 3260 2551 3327 donorum.

367 3448 534 3517 Cum
577 3450 834 3516 letaniis
875 3448 1140 3514 instruis
1426 3434 1432 3440 ⁹
1727 3448 1822 3517 'l'e
1862 3451 2090 3535 flagito
2136 3454 2443 3519 attentius
2456 3501 2474 3536 ,

452 3554 616 3641 cleri
656 3552 1142 3638 processionem
1156 3598 1177 3634 ,
1256 3632 1261 3636 ²
1506 3549 1621 3615 -30
1813 3556 2219 3645 sanctissime
2264 3556 2545 3641 Gregori
2560 3604 2579 3640 ,

367 3655 468 3745 sio
507 3656 813 3740 precibus
857 3654 1134 3720 assiduis
1725 3656 1892 3722 assis
1933 3657 2089 3723 mihi
2133 3661 2487 3744 propitius,

453 3756 631 3822 hano
672 3754 866 3844 sedas
907 3757 1295 3840 passionem.
1813 3758 1963 3825 dum
1998 3781 2101 3826 me
2144 3764 2481 3847 contingat
2523 3765 2716 3846 mori,

363 3920 512 3990 Deo
554 3939 800 3988 vacare
847 3919 1101 3986 inhians
1722 3919 1811 3989 Et
1852 3926 1937 3991 ab
1985 3932 2234 3991 aeterna
2277 3925 2487 3993 libera

450 4026 663 4094 latere
706 4021 1078 4105 conabariS,
1316 4088 1326 4097 ,
1809 4047 1913 4092 me
1959 4048 2157 4113 poena
2199 4031 2624 4113 reproborum

319 4133 660 4202 columna
702 4127 866 4196 lucis
909 4125 1177 4194 radians
1532 4125 1617 4189 35
1721 4139 1790 4198 et
1830 4139 2043 4198 tecum
2088 4131 2214 4200 duo
2249 4141 2430 4198 trans
2474 4133 2723 4200 aethera

445 4246 515 4304 te
561 4237 815 4323 prodit,
859 4233 1214 4300 revocaris.
1804 4235 1873 4301 iu
1917 4235 2158 4319 gaudia
2201 4245 2588 4302 sanctorum.

2922 2667 3005 2728 55

2906 3933 2996 3995 65

532 4397 945 4469 Strmburger
970 4395 1065 4451 Hs.
1100 4393 1165 4449 Κ.
1199 4381 1322 4449 316.
1368 4391 1459 4448 Bl.
1497 4393 1619 4448 1⁷2.
1666 4393 1774 4466 (S)
1818 4394 1932 4450 und
1974 4395 2358 4453 Reichenauer
2404 4397 2542 4468 Pap.
2557 4395 2689 4452 41⁸.
2739 4396 2856 4455 No.
2894 4401 2994 4456 36.

357 4484 451 4542 m.
484 4485 588 4538 191
642 4484 758 4554 (Β)
803 4482 903 4539 des
940 4484 1009 4537 115
1043 4481 1241 4538 Jahrb.
1290 4496 1362 4535 zu
1396 4478 1728 4537 Karlsruhe.
1817 4482 1915 4539 Rs.
1970 4500 2042 4539 zu
2095 4483 2372 4540 Biincheu
2420 4484 2559 4542 clm.
2595 4485 2754 4539 3012.
2809 4481 2852 4539 f.
2892 4487 2984 4542 64.

355 4573 428 4627 1⁸
461 4570 660 4627 Jahrb.
709 4570 840 4641 (O).
921 4569 1051 4626 Vou
1086 4569 1211 4626 dem
1243 4566 1414 4627 Prior
1451 4568 1677 4630 Kourat
1721 4583 1839 4628 von
1875 4569 2139 4645 naming,
2211 4577 2378 4648 nater
2428 4572 2630 4629 dessen
2666 4570 2992 4631 Godiehtoa

349 4658 543 4715 dieses
577 4656 714 4716 med
746 4655 918 4712 steht.
