3175 5234
2601 318 2730 385 ⁴⁰1

306 508 400 564 ns.
433 523 506 561 za
541 505 600 562 s.
642 504 786 560 Paul
819 504 877 558 in
915 505 1168 559 xzmten
1217 503 1323 558 No.
1362 504 1446 557 *ea
1496 507 1564 558 15
1602 503 1802 559 Jahn-h.
1885 502 2084 558 nie-er
2118 500 2340 573 Heilige
2376 465 2540 566 stan-b
2580 503 2744 559 1297.-

157 596 307 654 Beide
350 592 765 650 vorsteheuden
800 589 1002 645 Lieder
1048 589 1172 645 sind
1218 588 1338 644 wel
1386 606 1501 645 von
1546 589 1741 645 seineu
1777 587 2240 647 Ordensbriidern
2289 589 2580 660 gemacht,
2620 588 2738 653 ,ein

11 711 36 754 ι
156 682 366 739 anderes
413 697 529 735 von
573 683 608 733 7
644 677 930 748 Strophen
977 677 1079 731 mit
1127 676 1250 731 dem
1287 673 1540 748 Anfaug:
1614 675 1905 748 Vergente
1940 676 2128 732 mundi
2164 691 2428 746 vespere,
2489 676 2644 731 steht
2677 675 2737 731 iu

155 772 248 828 den
277 773 391 827 Aet.
427 768 530 825 SS.
567 767 711 837 Aug.
750 771 880 820 tom.
916 766 969 835 3,
1004 766 1145 834 804„
1181 763 1290 820 und
1327 763 1417 818 die
1453 758 1719 835 Anffinge
1754 779 1869 818 von
1902 766 1938 817 2
1974 759 2185 818 andern
2221 762 2313 817 bei
2337 764 2530 818 Daniel
2548 764 2737 833 3292.

833 1082 1049 1156 1039.
1115 1081 1447 1181 Hymnus
1499 1079 1587 1151 de
1642 1106 1695 1152 s.
1741 1079 2035 1180 Magno.

154 1324 205 1391 0
242 1332 452 1390 rector
496 1323 946 1401 invictissime,

151 1446 488 1518 regumque
534 1432 719 1491 sator
759 1424 1004 1504 inclite,

150 1537 393 1595 nostras
438 1545 671 1610 preces
718 1544 860 1589 eum
906 1524 1189 1592 carmine

153 1631 397 1697 intende
442 1650 613 1695 nune
655 1629 958 1713 piissime.

153 1821 477 1887 Timenda·
498 1839 609 1884 res
654 1828 757 1884 est
783 1801 1079 1912 'denique
1093 1866 1111 1900 ,

147 1926 583 2010 praesumimus
629 1943 817 2007 quam
862 1932 1135 2005 tangere
1155 1969 1173 2003 ,

148 2036 319 2094 artus
365 2036 432 2092 et
475 2028 704 2094 horum
749 2027 1074 2111 pandere,

149 2149 307 2215 quos
351 2139 418 2197 tu
463 2132 672 2196 beasti
716 2132 782 2195 in
828 2132 1091 2194 aethere.

145 2316 477 2401 Absterge
523 2325 773 2400 nostra,
820 2333 1213 2398 quaesumus,

143 2427 446 2505 peecata,
497 2438 643 2501 quae
690 2418 1156 2496 commisimus,

142 2530 215 2585 ut
257 2528 482 2586 sancta
530 2522 817 2585 membra
859 2528 1134 2603 tangere

140 2639 273 2687 non
315 2641 511 2705 poena
555 2622 667 2702 sit,
711 2621 830 2685 sed
874 2622 1227 2705 praemium.

133 2806 362 2875 Adest
402 2807 568 2873 fides
612 2809 1120 2893 promptissima,

13 2909 20 2944 ⁵
139 2914 474 2999 spondens
519 2932 640 2998 per
685 2914 810 2976 ista
852 2913 1068 2977 munia

136 3033 266 3082 nos
309 3016 607 3101 adjuvari
656 3016 928 3097 certius,

11 3117 18 3156 ¹
135 3119 438 3184 discedat
474 3120 622 3185 hinc
659 3119 798 3202 jam
843 3118 1154 3202 perfidus

131 3308 307 3374 Nam
355 3310 616 3393 spiritus
664 3329 748 3372 ex
794 3308 1012 3372 sidere
1093 3355 1102 3364 .

130 3412 287 3477 haee
335 3410 620 3476 ereditur
663 3412 990 3493 revisere,

1343 1819 1381 1878 5
1435 1831 1438 1834 ,

1309 2417 1388 2480 10

1308 3018 1387 3078 15

1488 1318 1785 1401 gaudens
1833 1318 2082 1384 honore
2126 1321 2435 1404 provehi,

1487 1421 1877 1505 quandoque
1920 1421 2321 1488 reddendum
2364 1424 2504 1489 sibi.
2652 1424 2737 1488 20

1485 1609 1675 1676 Nune
1700 1611 2000 1694 ‘Magnus
2044 1614 2168 1677 iste
2213 1614 2467 1678 nomine
2567 1668 2575 1675 .

1487 1714 1827 1797 majorque
1876 1713 2119 1779 Christi
2161 1736 2428 1781 munere

1489 1816 1800 1881 defendat
1844 1817 2013 1882 alma
2060 1821 2276 1902 gratia

1488 1917 1702 2004 plebis
1748 1922 1986 1986 viantis
2031 1933 2322 2007 pectora.

1490 2107 1830 2172 Pol-tamus
1877 2127 2031 2174 eece
2078 2111 2301 2175 cernui
2647 2101 2735 2175 25‘

1490 2210 1730 2293 pignus
1775 2210 2032 2277 decoris
2080 2214 2438 2298 splendidi,

1491 2331 1665 2376 nune
1708 2312 1905 2396 plana
1950 2335 2119 2380 nune
2162 2337 2283 2400 per
2330 2317 2533 2383 ardua

1495 2415 1580 2480 ad
1627 2416 1802 2481 sedis
1850 2425 2022 2503 aptae
2066 2419 2360 2484 eulmina.

1495 2605 1620 2673 Hie
1665 2607 1895 2672 civium
1942 2608 2301 2673 coelestium

1496 2709 1610 2773 lux
1656 2709 1834 2775 clara
1878 2710 2182 2794 splendet
2226 2713 2448 2794 obvia,
2658 2713 2744 2777 30
2791 2739 2800 2747 ·

1498 2830 1576 2876 ae
1624 2831 1964 2895 compares
2008 2813 2301 2880 fidissimi

1488 2915 1852 3000 junguntur
1900 2935 2015 2981 ore
2059 2919 2275 2983 nobili.

1404 3111 1410 3120 ’
1459 3106 1635 3171 'Illic
1679 3107 1969 3191 parentis
2007 3106 2284 3189 gloriam

1496 3211 1850 3291 summique
1894 3210 2031 3273 nati
2075 3210 2355 3292 gratiam

1496 3330 1642 3376 cum
1687 3311 1981 3377 claritate
2028 3310 2294 3394 spiritus
2655 3313 2739 3376 35

1494 3411 1664 3476 laetis
1710 3430 2016 3477 canamus
2062 3413 2354 3476 vocibus.

319 3613 417 3667 Hs.
455 3629 525 3667 zu
560 3612 618 3668 S.
655 3613 853 3669 Gallen
902 3613 1009 3670 No.
1057 3615 1178 3670 381.
1226 3630 1282 3686 p.
1319 3618 1439 3672 157.
1489 3619 1555 3670 11
1597 3615 1792 3671 Jahrb.
1881 3614 1996 3668 Das
2040 3614 2178 3669 Lied
2224 3613 2301 3669 ist
2347 3614 2489 3669 uach
2538 3615 2748 3676 seinem

123 3697 329 3754 Inhalt
366 3697 461 3754 fiir
499 3699 587 3754 die
623 3700 964 3756 Processiou
1007 3702 1109 3756 mit
1160 3702 1266 3757 deu
1300 3704 1596 3775 Reliquien
1634 3703 1732 3757 des
1768 3701 2028 3772 Heiligen
2064 3701 2359 3757 bestimmt.
2430 3702 2506 3756 Es
2542 3703 2745 3758 stenen

122 3786 188 3842 in
230 3786 343 3841 der
379 3786 475 3841 Hs.
510 3787 658 3842 noch
694 3788 952 3842 mehrere
989 3787 1191 3844 Lieder
1227 3787 1335 3846 auf
1362 3791 1472 3847 den
1507 3792 1563 3846 h.
1605 3790 1843 3861 Magnus
1879 3789 1980 3844 mit
2014 3788 2203 3844 diesen
2239 3787 2568 3861 Auf‘augeu:

199 3890 356 3950 Mire
394 3896 722 3946 cunctorum
758 3892 895 3946 deus
930 3898 991 3947 et
1025 3898 1253 3951 creator

198 3978 365 4034 mitis
400 3983 461 4032 et
494 3975 664 4032 fortis
702 3976 981 4036 solidator
1019 3978 1206 4049 orbis,

355 4068 424 4119 15
460 4064 765 4135 Strophen.

1531 3898 1674 3950 vota
1709 3910 2007 3950 servorum
2043 3893 2146 3949 tibi
2183 3894 2537 3951 subditorum

1621 3979 1812 4051 aspice
1850 3980 2108 4036 clemens.

196 4169 343 4227 Jam
377 4168 560 4225 fidelis
598 4169 765 4225 turba
801 4165 1042 4225 fratrum
1076 4185 1222 4226 voce
1258 4169 1410 4225 dulei
1445 4176 1735 4227 consonet.
1807 4174 1843 4224 7
1876 4163 2202 4243 drei‘zeilige
2239 4170 2543 4241 Stropheu.

199 4271 475 4328 Christus
512 4271 585 4327 ad
618 4278 847 4327 nostras
883 4271 1077 4328 veniat
1112 4287 1408 4328 camoenas.
1484 4275 1552 4326 12
1587 4273 1926 4344 sapphische
1964 4274 2268 4344 Strophen.

194 4377 381 4438 Miles
418 4375 491 4431 ad
526 4382 772 4431 castrum
807 4392 1084 4448 properes
1120 4376 1424 4432 novellum.
1517 4378 1554 4430 4
1590 4376 1796 4447 Verse,
1859 4371 2097 4433 worauf
2136 4378 2169 4431 8
2226 4373 2554 4449 fiinfzeilige
2611 4378 2751 4435 ado·

321 4464 516 4520 nische
552 4463 842 4534 Strophen
878 4462 1088 4535 folgen.
1160 4464 1261 4519 Die
1298 4461 1575 4519 Melodien
1611 4465 1808 4519 stehen
1844 4464 2024 4519 dabei.

317 4598 356 4658 2
393 4580 570 4673 sator,
607 4618 793 4675 gegen
823 4602 924 4658 das
951 4601 1261 4660 Versmass.
1334 4605 1404 4657 17
1439 4600 1671 4674 spiritus
1701 4620 1770 4657 ex
1799 4602 2001 4674 sidere,
2040 4603 2141 4659 der
2167 4603 2325 4660 Geist
2351 4604 2452 4661 der
2479 4604 2745 4679 Heiligeu

109 4713 234 4751 aus
278 4695 410 4750 dem
446 4694 697 4750 Himmel.
769 4693 837 4748 18
872 4695 1010 4763 haee,
1046 4692 1166 4748 scil.
1203 4693 1466 4768 membra,
1504 4693 1626 4748 ihre
1660 4691 1973 4763 Reliquien.

257 4813 443 4879 mone,
477 4812 648 4862 mern.
681 4812 928 4871 nymnen.
979 4789 1069 4856 in.

2253 4761 2340 4851 24³
