3175 5234
415 298 513 365 22

416 486 465 551 1,
499 482 586 536 65.
660 480 929 556 ἐξέγειρον
972 477 1159 552 ψυχήν
1205 499 1343 552 μου,
1415 482 1505 534 καὶ
1541 483 1726 556 φέρειν
1760 500 1850 536 σοι
1899 480 2033 555 βαΐα
2070 478 2305 557 ἀρεταῖν,
2370 478 2446 544 ὥς
2480 479 2660 555 νικητῇ
2694 481 2795 538 τοῦ
2821 479 3041 542 Ἅιδου.

416 566 660 624 Triodion
695 567 804 635 GG,
840 569 891 621 4.
954 566 1063 623 No.
1099 568 1221 636 769,
1256 569 1309 621 4.

591 654 659 709 V.
694 656 779 708 43.
833 658 1113 725 martyres
1130 694 1146 724 ,
1210 654 1301 708 ihr
1342 654 1644 709 Beinamen
1690 653 1912 726 egregii
1946 653 2166 710 erklirt
2198 654 2320 709 sich
2357 670 2460 711 aus
2497 652 2803 727 folgender
2829 642 3040 712 Stena.

413 739 707 817 μαρτύρων
755 738 1009 805 θάνατος
1057 739 1270 797 πιστῶν
1316 741 1435 798 ἐστι
1485 739 1855 818 παράκλησις,
1910 740 2196 813 &niqaion
2241 744 2519 816 παῤῥησία
2533 783 2549 809 ,
2603 739 3043 819 gomanno-pto&

414 826 709 896 σύστασις,
758 826 1016 884 θανάτου
1053 826 1374 897 κατάλυσις,
1432 826 1785 891 ἀναστάσεως
1822 825 2132 895 ἀπόδειξις,
2188 825 2463 900 δαιμόνων
2522 831 2694 905 γέλως
2712 869 2729 895 ,
2765 827 3039 902 διαβόλου

413 921 740 991 κατηγορία,
779 917 1115 987 φιλοσοφίας
1153 915 1501 971 διδασκαλία.
1561 916 1816 997 Chryso-31.
1851 913 1920 970 de
1958 932 2002 971 s.
2036 915 2201 973 Dros.
2238 918 2288 970 2.

1200 1226 1371 1297 630.
1434 1225 1551 1296 De
1617 1221 1941 1296 omuibus
1987 1224 2268 1295 sanctis.

411 1427 640 1496 Laude
685 1427 868 1492 clara
911 1427 1310 1492 canticorum

413 1533 623 1615 ipsum
665 1547 893 1610 regem
939 1528 1318 1610 angelorum

500 1632 766 1698 laudent
810 1629 967 1697 Sion
1015 1631 1199 1714 flliae,

419 1735 530 1819 qui
573 1733 657 1798 de
700 1740 906 1797 matre
952 1733 1276 1797 incarnari

411 1837 620 1919 venit,
666 1844 739 1899 ut
784 1837 878 1900 sic
922 1834 1265 1899 reformari
1627 1837 1666 1896 5

497 1946 724 2023 posset
767 1945 977 2002 status
1021 1939 1271 2021 gratiae.

412 2103 488 2169 Iu
529 2104 819 2188 praesepi
861 2104 1212 2168 reclinatus

416 2216 484 2273 et
525 2229 566 2272 a
607 2209 817 2290 magis
863 2207 1182 2279 adoratus

498 2316 654 2394 post
695 2310 842 2374 haec
886 2310 1128 2393 templo
1174 2310 1453 2374 sistitur:
1591 2388 1601 2397 „

411 2412 614 2493 fame,
662 2413 768 2474 siti
810 2413 1166 2493 cruciatur,
1581 2412 1663 2474 10

412 2515 805 2597 reprobatur
821 2562 837 2595 ,
882 2516 1285 2597 perforatur,
1391 2505 1395 2510 ’

459 2655 462 2658 -
500 2616 637 2681 vita
672 2625 878 2681 morte
923 2617 1260 2682 clauditur.

414 2777 692 2859 Samson
734 2787 947 2863 portae
990 2780 1223 2845 valvas
1268 2781 1493 2865 pandit
1532 2742 1533 2745 Ἴ

416 2890 487 2946 et
530 2891 876 2966 asportans
919 2892 1199 2948 montem
1246 2884 1500 2949 scandit

500 2985 664 3049 mira
710 3003 871 3069 cumi
899 2987 1223 3069 potentia:
1585 2988 1665 3048 15

425 3086 519 3151 sic
564 3085 649 3149 de
692 3087 864 3152 tribu
906 3085 1082 3152 Juda
1126 3086 1313 3151 sortis

420 3189 527 3253 leo
570 3191 780 3273 portis
826 3190 1050 3255 fractis
1094 3192 1318 3255 mortis

504 3292 609 3357 die
654 3312 931 3379 surgens
978 3297 1184 3362 tertia.

411 3455 640 3525 Victor
685 3463 908 3525 turmis
954 3480 1099 3526 cum
1143 3460 1426 3542 duabuS,

414 3562 665 3641 angelis
710 3570 777 3625 et
821 3563 1184 3643 animabuS,
1271 3577 1283 3589 ·
1577 3563 1661 3625 20

502 3663 672 3727 redit
715 3664 800 3727 ad
842 3665 1124 3748 palatia:

1768 1440 1942 1491 nova
1987 1426 2192 1509 festa,
2237 1424 2401 1490 mira
2444 1433 2671 1509 gesta,

1770 1529 1950 1611 regis
1994 1535 2215 1593 nutum
2261 1537 2327 1592 et
2373 1530 2661 1593 obtutum

1856 1629 2027 1694 trina
2070 1630 2287 1693 tremit
2325 1631 2529 1711 regia.

1772 1795 1825 1860 Ο
1872 1815 2062 1878 quam
2108 1795 2265 1860 felix
2311 1797 2575 1878 civitas,
2945 1799 3032 1861 25

1771 1916 1959 1982 quam
1995 1897 2288 1982 jocunda
2334 1900 2543 1982 curia,

1768 2003 1838 2068 in
1880 2020 2007 2084 qua
2052 2004 2278 2088 sponsi
2321 2003 2586 2068 claritas

1769 2107 1960 2172 datur
2006 2108 2212 2172 omnis
2256 2109 2487 2191 gratia.

1767 2266 1993 2335 Sancti
2039 2287 2310 2352 quorum
2352 2269 2546 2334 hodie

1768 2379 2049 2454 aguntur
2094 2373 2475 2457 sollempnia
2490 2420 2507 2451 ,
2944 2376 3027 2439 30

1767 2475 1949 2539 clara
1991 2495 2215 2557 regem
2258 2476 2428 2542 facie

1759 2575 1899 2658 jam
1943 2575 2168 2641 vident
2211 2578 2279 2651 in
2322 2577 2549 2660 gloria.

1767 2765 1911 2831 Illic
1953 2766 2183 2847 regina
2228 2765 2536 2831 coelorum

1771 2887 1968 2951 super
2014 2868 2251 2933 choros
2298 2870 2676 2953 angelorum

1855 2971 2113 3054 fulgens
2158 2973 2224 3036 in
2268 2974 2553 3057 rosario,
2941 2975 3023 3039 35

1775 3094 1930 3141 rosa
1972 3080 2213 3142 rubens
2257 3085 2324 3142 et
2370 3078 2491 3143 flos
2535 3077 2793 3158 florum,

1777 3198 1919 3244 cum
1964 3179 2255 3244 exercitu
2303 3188 2673 3246 sanctorum

1858 3300 1979 3346 nos
2025 3284 2431 3347 commendet
2476 3283 2642 3367 filio,

1768 3457 1855 3524 Ut
1898 3460 1963 3524 in
2009 3458 2140 3524 fine
2187 3461 2324 3525 sine
2372 3461 2499 3525 fine

1768 3561 1881 3625 det
1925 3580 2045 3627 nos
2091 3562 2217 3628 frui
2262 3581 2407 3629 cum
2451 3565 2659 3629 beatis
2939 3566 3023 3629 40

1769 3682 1904 3729 suae
1950 3666 2135 3731 vultu
2178 3666 2557 3751 majestatis.
2618 3686 2819 3732 amen.

585 3846 678 3902 Es.
715 3863 786 3902 zu
813 3846 1122 3913 Konstanz,
1164 3852 1233 3905 14
1257 3851 1457 3908 Jahrb.
1496 3853 1625 3925 (A).
1693 3851 1900 3912 Hmzu
1929 3849 2285 3906 Lichtenthal
2317 3868 2421 3906 aus
2457 3852 2713 3924 gleicher
2739 3851 2865 3907 Zeit
2895 3853 3025 3923 (Β).

590 3971 624 4022 7
661 3966 969 4025 reclinatur
1005 3971 1067 4025 B.
1142 3972 1175 4027 8
1211 3973 1487 4028 adoratur
1525 3973 1586 4028 B.
1659 3974 1693 4027 9
1730 3970 1875 4028 fehlt
1909 3972 1977 4041 B,
2013 3969 2182 4027 dafiir
2211 3972 2364 4026 steht
2392 3974 2474 4026 12.
2546 3974 2630 4028 10.
2656 3975 2720 4027 11
2750 3971 2944 4029 fehlen
2963 3974 3028 4031 B.

424 4059 493 4111 13
528 4062 690 4128 perte
725 4053 765 4111 f.
799 4062 985 4129 portae
1023 4058 1136 4113 AB.
1234 4062 1303 4114 14
1341 4066 1581 4116 mortem
1614 4061 1679 4115 A.
1774 4060 1841 4113 18
1877 4058 2075 4114 besser
2110 4060 2311 4131 surgit.
2400 4060 2634 4114 29—34
2668 4059 2894 4132 haugen
2927 4061 3037 4126 mit*

421 4144 528 4200 No.
568 4146 689 4214 623,
725 4145 936 4200 41-46
971 4160 1316 4216 zusammen,
1351 4146 1476 4201 hier
1510 4147 1921 4202 unterbrechen
1957 4145 2046 4202 die
2081 4145 2147 4200 V.
2181 4147 2394 4201 25-32
2431 4146 2532 4201 das
2568 4147 3028 4217 strophomata,

416 4231 531 4287 und
565 4234 795 4287 39—41
834 4233 1153 4289 veriindern
1188 4234 1457 4290 dasselbe
1493 4235 1670 4304 auch3
1737 4251 1799 4288 es
1836 4233 2054 4289 scheint
2087 4234 2194 4289 mir
2231 4234 2406 4289 daher
2434 4234 2535 4288 der
2570 4233 2803 4289 Schluss
2841 4232 3028 4288 dieses

416 4317 617 4374 Liedes
651 4320 970 4378 verdorben
1006 4321 1118 4377 und
1152 4323 1393 4377 Zusfitze
1430 4337 1531 4377 aus
1570 4322 1783 4377 andern
1817 4321 2058 4377 Liedern
2091 4321 2460 4393 beigemischt
2496 4337 2564 4374 zu
2600 4336 2740 4393 seyn
2758 4362 2772 4391 ,
2809 4321 2924 4376 wie
2962 4337 3026 4377 es

423 4407 570 4462 auch
604 4406 662 4461 in
698 4408 805 4462 No.
841 4410 962 4479 631,
1004 4411 1215 4465 16—19
1253 4409 1578 4465 ersichtlich
1613 4410 1703 4465 ist.
1772 4411 1843 4464 33
1882 4409 1971 4464 hic
2005 4411 2073 4467 A.
2144 4410 2216 4463 40
2242 4409 2406 4465 uobis
2432 4410 2497 4466 Β.

582 4529 648 4584 V.
683 4531 860 4583 4-6.
912 4530 1091 4587 Nemo
1139 4537 1275 4603 post
1320 4531 1576 4588 mundum
1614 4531 1899 4597 conditum
1936 4531 2069 4587 talis
2120 4531 2308 4588 extitit
2340 4533 2449 4587 nisi
2484 4530 2771 4600 Christus,
2833 4531 2932 4601 qui
2967 4534 3028 4585 et

419 4616 599 4673 verbo
649 4616 980 4688 sapientiam
1028 4616 1257 4675 tradidit
1307 4626 1365 4676 et
1412 4619 1724 4676 doctrinam
1761 4619 2032 4691 praesenti
2077 4619 2287 4676 virtute
2323 4617 2582 4676 firmavit.
2644 4620 2874 4675 [actam
2913 4618 3024 4674 div.

411 4703 538 4760 inst.
574 4706 627 4773 4,
663 4707 750 4761 23.
