3175 5234
1174 721 1390 796 1093.
1457 718 1573 791 De
1623 716 1888 790 eodem.

228 982 288 1045 1.
355 977 862 1060 Congaudentes
907 976 1268 1041 exultemus
1574 976 1637 1036 4.
1705 968 1800 1057 „0
1844 974 2036 1036 beate
2078 971 2381 1056 Nioolae,
2741 975 2828 1038 35

430 1079 646 1145 vocali
693 1077 1043 1143 eoncordia
1705 1093 1826 1142 nos
1873 1076 1957 1140 ad
2000 1085 2257 1160 portum
2301 1077 2499 1141 maris
2541 1076 2729 1142 trahe

357 1183 438 1247 ad
484 1182 656 1248 beati
704 1182 958 1247 Nicolai
1788 1176 1872 1242 de
1916 1180 2140 1242 mortis
2188 1179 2529 1261 angustia!

434 1286 674 1351 festiva
719 1286 1086 1366 sollemnia;
1526 1300 1531 1305 ·
1708 1280 1897 1345 trahe
1943 1298 2063 1345 nos
2109 1280 2194 1345 ad
2237 1289 2496 1365 portum
2543 1283 2770 1364 maris,

359 1421 480 1501 Qui
524 1423 589 1486 in
635 1423 815 1487 cunis
859 1421 1073 1486 adhuc
1109 1419 1344 1503 jacens
1432 1422 1472 1482 5
1708 1389 1777 1446 ω
1824 1400 1933 1498 {1¹¹¹
1976 1388 2074 1498 {⁰⁶
2118 1382 2482 1516 ”uxfhznffi

212 1510 223 1521 ·
1787 1491 2046 1568 p1etatns
2093 1494 2325 1567 gratia.
2743 1484 2828 1550 40

438 1524 767 1589 servando
803 1523 1061 1607 jejunia

360 1649 401 1693 a
448 1628 710 1712 papillis
756 1629 953 1710 eoepit
998 1645 1243 1691 summa

779 1731 794 1746 ,
1021 1731 1036 1743 ,
1641 1686 1654 1698 ·
1705 1663 1868 1729 Dum
1913 1665 2286 1749 clamarent,
2333 1686 2455 1731 nec
2485 1668 2830 1751 ineassum,

434 1749 797 1815 promerem
841 1729 1098 1813 gaudia.

1917 1763 1949 1799 a
2111 1770 2124 1783 .
2374 1769 2387 1783 .
2436 1771 2449 1784 .

356 1857 770 1927 Adolescens
817 1860 1224 1942 amplexatur
1712 1768 2798 1955 ”eggessegxdffaegffissssm

435 1962 767 2026 literarum
813 1959 1060 2041 Studia,
1395 1959 1475 2021 10
1712 1974 1926 2038 statim
1973 1993 2132 2037 aura
2178 1973 2370 2039 datur
2415 1983 2607 2056 grata

360 2065 607 2162 aliquus
663 2073 729 2129 et
772 2064 1064 2129 immunis
1715 2083 1783 2138 et
1826 2081 2179 2157 tempestas
2224 2073 2299 2138 fit
2343 2074 2608 2157 sedata,
2740 2074 2826 2137 45

436 2171 520 2234 ab
567 2169 739 2231 omni
782 2168 1070 2232 lascivia.
1791 2178 2176 2259 quieverunt
2218 2176 2440 2240 maria.

228 2354 290 2418 2.
351 2339 542 2441 ‚Felix
588 2349 958 2431 confessor,
1712 2359 1882 2440 Nos,
1928 2361 2033 2442 qui
2073 2378 2289 2424 sumus
2318 2359 2383 2422 in
2414 2358 2543 2424 hoo
2570 2355 2832 2440 mundo,

358 2455 546 2540 cujus
592 2453 712 2517 fuit
753 2452 1088 2534 dignitatis
1710 2463 2014 2527 vitiorum
2058 2462 2124 2526 in
2168 2459 2496 2546 profundo

437 2574 570 2621 vox
616 2555 698 2619 de
745 2555 925 2620 ooelis
971 2555 1219 2637 nuntia,
1396 2553 1476 2616 15
1782 2567 1922 2651 jam
1967 2567 2146 2652 passi
2189 2564 2565 2648 naufragia,

358 2679 481 2744 1³0¹·
524 2678 714 2741 quam
758 2664 1111 2742 provectus
1713 2669 2001 2752 gloriose
2043 2667 2346 2746 Nicolae,
2748 2662 2832 2727 50

359 2760 751 2846 PraesulafflS
796 2761 1177 2826 snblimaffll’
1717 2770 1801 2838 ad
1846 2773 2072 2838 salutis
2116 2778 2374 2856 portum
2418 2768 2639 2850 trahe,

441 2863 526 2929 ad
571 2883 813 2929 summa
862 2863 1141 2946 fastigia.
1444 2926 1445 2929 ,
1792 2877 1901 2941 ubi
1946 2895 2078 2959 pax
2124 2881 2191 2940 et
2235 2872 2494 2957 gaudia.

363 2997 527 3064 Erat
568 2999 635 3062 in
679 2997 822 3082 ejus
868 2996 1083 3061 animo

442 3101 653 3185 pietas
700 3090 935 3165 eximia
1393 3099 1477 3163 20

359 3209 427 3266 et
470 3203 804 3287 oppressis
849 3198 1243 3284 inpendebat
1584 3174 1645 3237 5·
1704 3170 1809 3236 Ex
1851 3170 2074 3285 ipsfus,
2097 3169 2316 3282 tumb?
2360 3173 2578 3229 manat

441 3306 643 3371 multa
684 3304 1021 3370 beneficia·
1794 3278 2110 3336 unctionis
2157 3286 2347 3350 eopia
2366 3313 2384 3349 ‚

1717 3397 1866 3461 quae
1908 3374 2196 3440 infirmos
2243 3390 2465 3437 omnes
2512 3376 2700 3435 sanat
2750 3369 2835 3431 55

231 3488 293 3553 3.
353 3484 541 3553 Auro
581 3507 702 3571 per
748 3508 892 3552 eum
936 3486 1259 3568 virginum
1795 3499 1917 3565 per
1962 3477 2105 3561 ejus
2154 3474 2485 3558 suffragia.

440 3591 686 3657 tollitur
731 3592 996 3658 infamia

365 3700 559 3775 atque
602 3695 809 3777 patris
854 3692 1204 3777 earundem

441 3795 697 3858 levatur
740 3796 977 3879 inopia.

1398 3693 1436 3755 2
1443 3693 1480 3754 5
1718 3658 1900 3725 Illam
1946 3656 2133 3721 nobis
2177 3653 2541 3719 unctionem

1553 3762 1567 3773 '
1803 3762 2113 3845 impetres
2158 3757 2244 3823 ad
2289 3756 2614 3825 dominum

366 3922 637 4002 Quidam
682 3930 899 3986 nautae
940 3924 1327 4005 navigantes
1883 3883 2084 3950 Preoe
2128 3884 2270 3948 1³¹2,

447 4035 515 4093 et
558 4035 787 4092 eontra
829 4024 1136 4091 fluctuum

592 4131 606 4144 .
641 4131 654 4144 .
1795 4072 2139 4136 multorum
2184 4066 2630 4154 peeoaminum

447 4137 763 4195 saevltlam
808 4127 1127 4192 luctantes
1148 4173 1166 4209 ‚

374 4233 526 4297 navi
569 4249 760 4315 paene
810 4228 1155 4309 dissoluta,
1400 4231 1484 4293 30
1885 4191 1952 4234 m
1993 4170 2224 4235 mana

370 4361 520 4429 Jam
565 4362 647 4425 de
690 4362 830 4426 vita
875 4361 1302 4445 desperantes
1721 4352 1931 4437 Hujus
1977 4351 2212 4415 festum
2257 4347 2667 4413 celebrantes

447 4467 513 4529 in
560 4472 737 4529 tanto
783 4465 979 4547 positi
1801 4455 2135 4540 gaudeant
2175 4471 2299 4537 per
2344 4450 2591 4515 saeoula

449 4570 741 4654 periculo
789 4568 1145 4635 clamantes
1377 4574 1383 4581 ’
1726 4570 1795 4629 et
1840 4567 2112 4628 eoronet
2156 4575 2272 4623 eos
2317 4555 2614 4622 christus
2758 4552 2842 4617 65

376 4690 540 4738 voce
586 4673 807 4738 dicunt
850 4691 1073 4737 omnes
1117 4692 1276 4739 una:
1807 4671 1959 4751 post
1998 4664 2154 4729 vitae
2199 4659 2537 4728 curricula.

1721 3989 1848 4053 qua
1894 3968 2150 4032 sanavit
2193 3966 2526 4030 laesionem
2752 3961 2834 4024 60
2951 4026 2956 4029 .
