3175 5234
341 217 472 281 178

516 398 584 453 V.
620 401 672 452 2.
725 396 961 465 natalis,
1000 391 1215 467 ὀτῆσιος
1247 393 1444 467 μνήμη.
1498 393 1647 450 Νον.
1683 398 1766 449 1¹.

510 485 579 537 V.
615 487 665 539 5.
720 483 1033 538 Denselben
1079 481 1381 537 Gedanken
1435 480 1654 551 spricht
1701 480 1934 536 Ambros.
2000 479 2071 533 de
2126 479 2273 550 virg.
2320 481 2378 548 1,
2431 480 2466 531 2
2516 491 2645 534 aus:
2709 478 2956 535 nondum

340 573 552 629 idonea
582 587 785 642 poenae,
823 575 881 624 et
907 570 1031 645 jam
1067 574 1286 624 matura
1322 568 1599 623 victoriae.

516 660 586 715 V.
624 663 708 714 10.
766 660 1069 714 claustrum
1105 658 1367 729 pudoris,
1403 657 1646 712 braucht
1679 655 2014 712 Ambrosius
2051 656 2194 710 auch
2231 656 2287 709 in
2324 655 2429 709 No.
2466 657 2554 722 30,
2594 656 2676 709 14.

516 748 583 800 V.
622 750 704 801 12.
760 745 964 802 Diesen
1018 746 1161 800 Vers
1208 745 1310 799 bat
1342 746 1615 800 Enuodius
1647 744 2024 815 nachgeahmt
2072 742 2246 797 durch
2296 743 2480 796 virtus
2528 742 2708 796 teneri
2745 742 2963 796 nescia.

341 833 551 904 Hagna
587 833 721 887 bibl.
759 839 906 903 patr.
943 833 994 899 6,
1028 834 1152 886 297.

513 921 578 973 V.
618 923 701 974 13.
741 920 906 973 Diese
930 918 1237 990 Wendung
1274 918 1512 973 braucht
1529 917 1860 973 Ambrosius
1898 918 2041 970 auch
2080 915 2136 968 in
2172 915 2277 969 No.
2299 916 2527 983 683‚29.
2566 915 2678 969 und
2704 914 2772 969 de
2800 914 2963 984 virg.

338 1007 378 1061 l.
413 1008 453 1061 1.
498 1024 611 1062 non
659 1008 743 1061 sic
779 1007 852 1062 ad
885 1006 1190 1061 thalamum
1227 1011 1403 1076 nupta
1439 1009 1815 1076 properaret,
1869 1009 1932 1058 ut
1979 1004 2051 1057 ad
2088 1002 2354 1073 supplicii
2386 1002 2574 1057 locum
2609 1002 2745 1057 laeta
2779 1001 2961 1070 virgo

341 1093 638 1165 processit.

1247 1376 1416 1447 772.
1497 1375 1610 1446 De
1663 1400 1718 1447 s,
1773 1376 2079 1472 Agneta.

337 1574 489 1642 Ave
534 1596 792 1659 gemma
836 1578 1148 1641 claritatis
1487 1666 1492 1673 ι
1696 1574 1864 1639 Vale
1909 1577 2100 1657 virgo
2147 1574 2533 1656 singularis,

425 1679 511 1744 ad
554 1682 761 1744 instar
804 1681 1205 1761 carbunculi,
1689 1678 1829 1761 jam
1875 1697 2018 1743 cum
2064 1676 2322 1741 Christo
2359 1675 2742 1760 jocundaris

336 1778 570 1864 Agnes
613 1800 769 1846 rosa
812 1781 1101 1865 paradisi
1783 1783 1849 1845 in
1899 1784 2150 1846 coelesti
2197 1783 2503 1846 culmine:
2869 1783 2963 1842 15

428 1901 609 1949 more
655 1886 959 1968 fragrans
1003 1886 1299 1950 balsami!

1551 2054 1590 2110 5
1696 2018 1865 2083 Vale
1909 2018 2116 2082 forma
2159 2019 2470 2102 puellaris
2484 2067 2501 2101 ,

1696 2134 1806 2187 tua
1851 2140 2052 2206 prece
2099 2124 2340 2186 tuearis

1783 2243 1902 2289 nos
1948 2229 2031 2290 ab
2078 2227 2214 2291 orci
2261 2226 2556 2307 sulniine,

337 2044 540 2111 Salve
585 2047 753 2110 mitis
799 2054 866 2109 et
909 2048 1191 2129 benigna

422 2149 654 2216 Mariae
699 2150 1120 2235 pedissequa,

335 2253 520 2317 salve
564 2255 757 2337 virgo
801 2255 946 2333 deo,
974 2256 1199 2338 digna,

422 2363 647 2420 nostra
693 2358 1042 2421 salutifera.

1695 2464 1783 2530 Ut
1824 2475 1977 2549 post
2023 2467 2192 2533 hanc
2236 2471 2433 2533 vitam
2481 2491 2622 2535 cum
2666 2476 2880 2537 beatis

1510 2626 1590 2687 10
1695 2568 2016 2667 possimus
2061 2570 2305 2634 vultum
2353 2570 2609 2637 deitatis
2865 2577 2955 2638 20

1782 2673 2146 2753 gaudenter
2177 2724 2190 2736 .
2226 2723 2239 2737 .
2274 2724 2288 2737 .

338 2516 600 2599 Gaude,
647 2518 800 2599 quia
846 2517 1184 2582 convicisti

420 2619 741 2700 mundum,
788 2638 1065 2700 carnem,
1098 2619 1471 2703 daemonem,

330 2723 401 2786 in
443 2723 683 2786 virtute
726 2723 890 2786 Jesu
938 2722 1178 2787 Christi

423 2827 746 2908 superasti
784 2826 1089 2909 judicem.

511 2992 898 3049 Reichenauer
945 2996 1221 3066 Pap-Hs.
1270 2998 1376 3052 No.
1405 3000 1488 3053 36.
1540 3000 1626 3054 Bl.
1664 3002 1786 3054 206.
1836 3000 1933 3054 des
1982 3005 2046 3055 15
2084 3002 2282 3058 Jahrb.
2334 3022 2403 3057 zu
2445 3005 2772 3059 Karlsruhe.
2850 3007 2956 3062 Die

336 3081 406 3136 V.
446 3084 652 3137 13-21
693 3082 956 3137 scheinen
991 3082 1380 3156 hinzugefiigt.

518 3205 588 3258 10
627 3220 852 3260 carnem
889 3212 946 3261 et
986 3206 1035 3261 d.
1071 3207 1167 3262 Hs.
1235 3211 1303 3262 21
1344 3205 1491 3263 fehlt
1528 3209 1618 3263 ein
1657 3210 1858 3278 Wort,
1895 3210 2189 3267 vielleicht
2225 3227 2459 3267 cernere
2481 3253 2495 3281 ‚
2533 3214 2878 3284 conspicere.

509 3327 577 3380 V.
618 3331 664 3383 1.
699 3331 748 3383 5.
786 3331 834 3384 9.
874 3331 956 3384 13.
1008 3330 1173 3385 Diese
1209 3331 1603 3387 Grusswiirter
1639 3332 1895 3387 kommen
1935 3332 2023 3389 oft
2057 3351 2181 3388 vor.
2238 3334 2296 3390 S.
2335 3335 2439 3390 No.
2477 3337 2594 3390 770.
2647 3337 2751 3393 Νο.
2787 3340 2912 3393 507.

514 3416 583 3470 V.
626 3419 709 3472 10.
760 3417 1021 3472 Dieselbe
1056 3420 1643 3491 Zusammenstellung
1678 3420 1734 3475 in
1771 3421 1877 3475 No.
1915 3424 2036 3490 63⁴1,
2072 3426 2159 3476 25.

326 3548 372 3645 Ι..
509 3503 699 3643 531}
754 3504 878 3557 orci
928 3500 1169 3571 fulmen,
1236 3505 1372 3559 weil
1427 3507 1529 3561 der
1582 3503 1782 3560 Teufel
1834 3507 1935 3563 mit
1983 3508 2106 3563 dem
2160 3509 2343 3565 Blitze
2396 3511 2727 3581 verglichen
2783 3513 2951 3567 wird.

371 3604 456 3643 uc.
497 3593 525 3642 1
566 3628 581 3656 ‚
621 3592 649 3641 1
690 3631 703 3642 .

1250 3875 1422 3949 773.
1497 3876 1615 3948 De
1668 3903 1723 3949 s.
1769 3880 2009 3978 Agna.

327 4078 506 4146 Laus
553 4078 637 4141 sit
681 4077 825 4159 regi
868 4075 1129 4161 gloriae,
1689 4079 1863 4145 Ecce
1912 4079 2145 4165 Agnes
2188 4085 2512 4149 invenitur

331 4181 519 4267 cujus
563 4181 834 4245 formam
880 4181 1113 4262 gratiae
1689 4191 1756 4247 et
1800 4184 2061 4249 inventa
2108 4188 2435 4271 colligitur

418 4284 574 4347 solis
617 4280 928 4366 splendor
973 4284 1406 4367 obstupescit,
1775 4287 1972 4351 lilium
2019 4289 2101 4354 de
2148 4291 2316 4370 lilio,

325 4389 393 4453 in
435 4386 663 4450 hortos
709 4384 1009 4451 ecclesiae
1689 4393 1924 4456 annulo
1969 4394 2154 4477 cujus
2199 4397 2478 4461 munitur
2862 4396 2943 4457 10

324 4490 460 4555 lilia
508 4488 823 4569 colligere
1540 4494 1577 4553 5
1688 4498 1756 4555 et
1797 4492 1861 4555 in
1909 4512 2215 4577 sponsam
2262 4497 2524 4579 eligitur

413 4601 736 4673 tamquam
764 4609 1042 4675 sponsus
1072 4591 1219 4657 dum
1239 4596 1576 4678 processit,
1770 4596 1916 4677 regi
1965 4599 2140 4681 regis
2185 4598 2337 4664 filio.
