<?xml version="1.0" encoding="UTF-8"?>
<!DOCTYPE html PUBLIC "-//W3C//DTD XHTML 1.0 Transitional//EN"
    "http://www.w3.org/TR/xhtml1/DTD/xhtml1-transitional.dtd">
<html xmlns="http://www.w3.org/1999/xhtml" xml:lang="en" lang="en">
 <head>
  <title>
</title>
<meta http-equiv="Content-Type" content="text/html;charset=utf-8" />
  <meta name='ocr-system' content='tesseract 3.04.00' />
  <meta name='ocr-capabilities' content='ocr_page ocr_carea ocr_par ocr_line ocrx_word'/>
</head>
<body>
  <div class='ocr_page' id='page_1' title='image "./lateinischehymn04monegoog/lateinischehymn04monegoog_0129.png"; bbox 0 0 3175 5234; ppageno 0'>
   <div class='ocr_carea' id='block_1_1' title="bbox 2601 292 2731 356">
    <p class='ocr_par' dir='ltr' id='par_1_1' title="bbox 2601 292 2731 356">
     <span class='ocr_line' id='line_1_1' title="bbox 2601 292 2731 356; baseline 0 -1"><span class='ocrx_word' id='word_1_1' title='bbox 2601 292 2731 356; x_wconf 80' lang='lat'><strong>109</strong></span> 
     </span>
    </p>
   </div>
   <div class='ocr_carea' id='block_1_2' title="bbox 641 684 2202 788">
    <p class='ocr_par' dir='ltr' id='par_1_2' title="bbox 641 684 2202 788">
     <span class='ocr_line' id='line_1_2' title="bbox 641 684 2202 788; baseline -0.002 -29"><span class='ocrx_word' id='word_1_2' title='bbox 641 685 812 759; x_wconf 81' lang='lat'><strong>701.</strong></span> <span class='ocrx_word' id='word_1_3' title='bbox 885 687 997 756; x_wconf 86' lang='lat' dir='ltr'><strong>De</strong></span> <span class='ocrx_word' id='word_1_4' title='bbox 1043 712 1096 756; x_wconf 89' lang='lat' dir='ltr'><strong>s.</strong></span> <span class='ocrx_word' id='word_1_5' title='bbox 1148 684 1433 759; x_wconf 56' lang='lat' dir='ltr'><strong>«Iacobo</strong></span> <span class='ocrx_word' id='word_1_6' title='bbox 1488 689 1647 788; x_wconf 82' lang='lat' dir='ltr'><strong>maj.</strong></span> <span class='ocrx_word' id='word_1_7' title='bbox 1715 690 2202 787; x_wconf 77' lang='lat' dir='ltr'><strong>(troparium).</strong></span> 
     </span>
    </p>
   </div>
   <div class='ocr_carea' id='block_1_3' title="bbox 19 888 1071 1076">
    <p class='ocr_par' dir='ltr' id='par_1_3' title="bbox 19 879 1071 1076">
     <span class='ocr_line' id='line_1_3' title="bbox 134 888 1071 970; baseline -0.007 -13.765"><span class='ocrx_word' id='word_1_8' title='bbox 134 899 178 957; x_wconf 91' lang='lat'><strong>1.</strong></span> <span class='ocrx_word' id='word_1_9' title='bbox 235 891 460 954; x_wconf 83' lang='lat' dir='ltr'><strong>Gaude</strong></span> <span class='ocrx_word' id='word_1_10' title='bbox 509 888 750 952; x_wconf 81' lang='lat' dir='ltr'><strong>Christi</strong></span> <span class='ocrx_word' id='word_1_11' title='bbox 796 906 1071 970; x_wconf 89' lang='lat' dir='ltr'><strong>sponsa,</strong></span> 
     </span>
     <span class='ocr_line' id='line_1_4' title="bbox 19 992 1043 1076; baseline -0.003 -19"><span class='ocrx_word' id='word_1_12' title='bbox 19 999 20 1012; x_wconf 63' lang='lat'>¹</span> <span class='ocrx_word' id='word_1_13' title='bbox 240 996 431 1076; x_wconf 88' lang='lat' dir='ltr'><strong>virgo</strong></span> <span class='ocrx_word' id='word_1_14' title='bbox 479 1001 688 1056; x_wconf 89' lang='lat' dir='ltr'><strong>mater</strong></span> <span class='ocrx_word' id='word_1_15' title='bbox 734 992 1043 1071; x_wconf 86' lang='lat' dir='ltr'><strong>ecclesia,</strong></span> 
     </span>
    </p>
   </div>
   <div class='ocr_carea' id='block_1_4' title="bbox 130 1179 1366 1469">
    <p class='ocr_par' dir='ltr' id='par_1_4' title="bbox 130 1179 1366 1469">
     <span class='ocr_line' id='line_1_5' title="bbox 130 1179 1053 1262; baseline -0.003 -17"><span class='ocrx_word' id='word_1_16' title='bbox 130 1185 174 1245; x_wconf 83' lang='lat'><strong>2.</strong></span> <span class='ocrx_word' id='word_1_17' title='bbox 234 1180 418 1245; x_wconf 85' lang='lat' dir='ltr'><strong>Omni</strong></span> <span class='ocrx_word' id='word_1_18' title='bbox 468 1201 616 1262; x_wconf 83' lang='lat' dir='ltr'><strong>quae</strong></span> <span class='ocrx_word' id='word_1_19' title='bbox 663 1179 745 1243; x_wconf 88' lang='lat' dir='ltr'><strong>de</strong></span> <span class='ocrx_word' id='word_1_20' title='bbox 794 1182 1053 1244; x_wconf 85' lang='lat' dir='ltr'><strong>natione</strong></span> 
     </span>
     <span class='ocr_line' id='line_1_6' title="bbox 239 1286 883 1369; baseline -0.003 -18"><span class='ocrx_word' id='word_1_21' title='bbox 239 1306 527 1369; x_wconf 86' lang='lat' dir='ltr'><strong>generas</strong></span> <span class='ocrx_word' id='word_1_22' title='bbox 573 1288 667 1350; x_wconf 86' lang='lat' dir='ltr'><strong>illi</strong></span> <span class='ocrx_word' id='word_1_23' title='bbox 712 1286 883 1350; x_wconf 87' lang='lat' dir='ltr'><strong>filios</strong></span> 
     </span>
     <span class='ocr_line' id='line_1_7' title="bbox 240 1387 1366 1469; baseline -0.004 -18"><span class='ocrx_word' id='word_1_24' title='bbox 240 1387 545 1469; x_wconf 85' lang='lat' dir='ltr'><strong>cottidie,</strong></span> <span class='ocrx_word' id='word_1_25' title='bbox 1329 1387 1366 1447; x_wconf 85' lang='lat'>5</span> 
     </span>
    </p>
   </div>
   <div class='ocr_carea' id='block_1_5' title="bbox 237 1523 1133 1793">
    <p class='ocr_par' dir='ltr' id='par_1_5' title="bbox 237 1523 1133 1793">
     <span class='ocr_line' id='line_1_8' title="bbox 237 1523 1133 1606; baseline -0.002 -19"><span class='ocrx_word' id='word_1_26' title='bbox 237 1524 364 1587; x_wconf 89' lang='lat' dir='ltr'><strong>Per</strong></span> <span class='ocrx_word' id='word_1_27' title='bbox 415 1541 578 1605; x_wconf 90' lang='lat' dir='ltr'><strong>quos</strong></span> <span class='ocrx_word' id='word_1_28' title='bbox 624 1523 814 1585; x_wconf 84' lang='lat' dir='ltr'><strong>inferi</strong></span> <span class='ocrx_word' id='word_1_29' title='bbox 860 1540 1133 1606; x_wconf 86' lang='lat' dir='ltr'><strong>superes</strong></span> 
     </span>
     <span class='ocr_line' id='line_1_9' title="bbox 238 1628 966 1709; baseline -0.001 -19"><span class='ocrx_word' id='word_1_30' title='bbox 238 1636 302 1690; x_wconf 90' lang='lat' dir='ltr'><strong>et</strong></span> <span class='ocrx_word' id='word_1_31' title='bbox 351 1628 503 1691; x_wconf 86' lang='lat' dir='ltr'><strong>coeli</strong></span> <span class='ocrx_word' id='word_1_32' title='bbox 547 1628 661 1689; x_wconf 87' lang='lat' dir='ltr'><strong>tibi</strong></span> <span class='ocrx_word' id='word_1_33' title='bbox 698 1628 966 1709; x_wconf 58' lang='lat' dir='ltr'><strong>,ianuam</strong></span> 
     </span>
     <span class='ocr_line' id='line_1_10' title="bbox 240 1730 570 1793; baseline -0.006 0"><span class='ocrx_word' id='word_1_34' title='bbox 240 1730 570 1793; x_wconf 73' lang='lat' dir='ltr'><strong>concilies,</strong></span> 
     </span>
    </p>
   </div>
   <div class='ocr_carea' id='block_1_6' title="bbox 135 1915 1366 2201">
    <p class='ocr_par' dir='ltr' id='par_1_6' title="bbox 135 1915 1366 2201">
     <span class='ocr_line' id='line_1_11' title="bbox 135 1915 1035 1998; baseline 0.003 -22"><span class='ocrx_word' id='word_1_35' title='bbox 135 1915 182 1976; x_wconf 85' lang='lat'><strong>3.</strong></span> <span class='ocrx_word' id='word_1_36' title='bbox 238 1915 427 1979; x_wconf 89' lang='lat' dir='ltr'><strong>Hanc</strong></span> <span class='ocrx_word' id='word_1_37' title='bbox 472 1915 766 1998; x_wconf 89' lang='lat' dir='ltr'><strong>pandunt</strong></span> <span class='ocrx_word' id='word_1_38' title='bbox 811 1917 1035 1998; x_wconf 90' lang='lat' dir='ltr'><strong>hodie,</strong></span> 
     </span>
     <span class='ocr_line' id='line_1_12' title="bbox 242 2017 1366 2098; baseline 0.001 -18"><span class='ocrx_word' id='word_1_39' title='bbox 242 2035 518 2098; x_wconf 87' lang='lat' dir='ltr'><strong>quorum</strong></span> <span class='ocrx_word' id='word_1_40' title='bbox 564 2017 732 2080; x_wconf 83' lang='lat' dir='ltr'><strong>festa</strong></span> <span class='ocrx_word' id='word_1_41' title='bbox 779 2037 1167 2080; x_wconf 81' lang='lat' dir='ltr'><strong>veneramur</strong></span> <span class='ocrx_word' id='word_1_42' title='bbox 1287 2019 1366 2082; x_wconf 88' lang='lat'><strong>10</strong></span> 
     </span>
     <span class='ocr_line' id='line_1_13' title="bbox 235 2120 972 2201; baseline 0.001 -19"><span class='ocrx_word' id='word_1_43' title='bbox 235 2120 384 2184; x_wconf 87' lang='lat' dir='ltr'><strong>haec</strong></span> <span class='ocrx_word' id='word_1_44' title='bbox 427 2121 559 2183; x_wconf 85' lang='lat' dir='ltr'><strong>duo</strong></span> <span class='ocrx_word' id='word_1_45' title='bbox 604 2120 972 2201; x_wconf 87' lang='lat' dir='ltr'><strong>luminaria,</strong></span> 
     </span>
    </p>
   </div>
   <div class='ocr_carea' id='block_1_7' title="bbox 236 2258 1072 2545">
    <p class='ocr_par' dir='ltr' id='par_1_7' title="bbox 236 2258 1072 2545">
     <span class='ocr_line' id='line_1_14' title="bbox 237 2258 908 2340; baseline -0.006 -17"><span class='ocrx_word' id='word_1_46' title='bbox 237 2258 291 2323; x_wconf 86' lang='lat' dir='ltr'>E</span> <span class='ocrx_word' id='word_1_47' title='bbox 340 2259 575 2340; x_wconf 84' lang='lat' dir='ltr'><strong>quibus</strong></span> <span class='ocrx_word' id='word_1_48' title='bbox 619 2259 908 2322; x_wconf 85' lang='lat' dir='ltr'><strong>Jacobus</strong></span> 
     </span>
     <span class='ocr_line' id='line_1_15' title="bbox 236 2360 1072 2442; baseline -0.001 -17"><span class='ocrx_word' id='word_1_49' title='bbox 236 2362 301 2425; x_wconf 88' lang='lat' dir='ltr'><strong>in</strong></span> <span class='ocrx_word' id='word_1_50' title='bbox 350 2360 589 2425; x_wconf 83' lang='lat' dir='ltr'><strong>Judaea</strong></span> <span class='ocrx_word' id='word_1_51' title='bbox 633 2381 754 2442; x_wconf 89' lang='lat' dir='ltr'><strong>per</strong></span> <span class='ocrx_word' id='word_1_52' title='bbox 802 2363 1072 2424; x_wconf 89' lang='lat' dir='ltr'><strong>virtutes</strong></span> 
     </span>
     <span class='ocr_line' id='line_1_16' title="bbox 238 2463 972 2545; baseline 0.004 -19"><span class='ocrx_word' id='word_1_53' title='bbox 238 2465 480 2528; x_wconf 85' lang='lat' dir='ltr'><strong>reluxit</strong></span> <span class='ocrx_word' id='word_1_54' title='bbox 527 2472 594 2527; x_wconf 86' lang='lat' dir='ltr'><strong>et</strong></span> <span class='ocrx_word' id='word_1_55' title='bbox 641 2463 972 2545; x_wconf 81' lang='lat' dir='ltr'><strong>Samaria,</strong></span> 
     </span>
    </p>
   </div>
   <div class='ocr_carea' id='block_1_8' title="bbox 132 2651 1368 3045">
    <p class='ocr_par' dir='ltr' id='par_1_8' title="bbox 132 2651 1368 3045">
     <span class='ocr_line' id='line_1_17' title="bbox 132 2651 1366 2736; baseline 0.003 -24"><span class='ocrx_word' id='word_1_56' title='bbox 132 2654 180 2714; x_wconf 72' lang='lat'><strong>4.</strong></span> <span class='ocrx_word' id='word_1_57' title='bbox 236 2651 510 2736; x_wconf 87' lang='lat' dir='ltr'><strong>Aegros</strong></span> <span class='ocrx_word' id='word_1_58' title='bbox 559 2672 823 2735; x_wconf 82' lang='lat' dir='ltr'><strong>curanS,</strong></span> <span class='ocrx_word' id='word_1_59' title='bbox 1287 2656 1366 2716; x_wconf 89' lang='lat'><strong>15</strong></span> 
     </span>
     <span class='ocr_line' id='line_1_18' title="bbox 240 2756 889 2839; baseline 0.002 -20"><span class='ocrx_word' id='word_1_60' title='bbox 240 2756 573 2820; x_wconf 71' lang='lat' dir='ltr'><strong>daemones</strong></span> <span class='ocrx_word' id='word_1_61' title='bbox 624 2759 889 2839; x_wconf 79' lang='lat' dir='ltr'><strong>fugans,</strong></span> 
     </span>
     <span class='ocr_line' id='line_1_19' title="bbox 237 2863 1368 2926; baseline 0.001 -1"><span class='ocrx_word' id='word_1_62' title='bbox 237 2869 527 2925; x_wconf 86' lang='lat' dir='ltr'><strong>mortuos</strong></span> <span class='ocrx_word' id='word_1_63' title='bbox 596 2863 661 2924; x_wconf 92' lang='lat' dir='ltr'><strong>in</strong></span> <span class='ocrx_word' id='word_1_64' title='bbox 726 2863 935 2926; x_wconf 89' lang='lat' dir='ltr'><strong>lucem</strong></span> <span class='ocrx_word' id='word_1_65' title='bbox 996 2863 1204 2926; x_wconf 86' lang='lat' dir='ltr'><strong>verbo</strong></span> <span class='ocrx_word' id='word_1_66' title='bbox 1263 2881 1368 2926; x_wconf 89' lang='lat' dir='ltr'><strong>re-</strong></span> 
     </span>
     <span class='ocr_line' id='line_1_20' title="bbox 841 2983 1123 3045; baseline 0.011 -21"><span class='ocrx_word' id='word_1_67' title='bbox 841 2983 1123 3045; x_wconf 88' lang='lat' dir='ltr'><strong>vocans,</strong></span> 
     </span>
    </p>
   </div>
   <div class='ocr_carea' id='block_1_9' title="bbox 237 3083 1367 3370">
    <p class='ocr_par' dir='ltr' id='par_1_9' title="bbox 237 3083 1367 3370">
     <span class='ocr_line' id='line_1_21' title="bbox 238 3083 694 3167; baseline 0 -20"><span class='ocrx_word' id='word_1_68' title='bbox 238 3083 478 3167; x_wconf 85' lang='lat' dir='ltr'><strong>Magos</strong></span> <span class='ocrx_word' id='word_1_69' title='bbox 533 3103 694 3147; x_wconf 89' lang='lat' dir='ltr'><strong>sana</strong></span> 
     </span>
     <span class='ocr_line' id='line_1_22' title="bbox 237 3187 857 3251; baseline -0.003 -1"><span class='ocrx_word' id='word_1_70' title='bbox 237 3189 508 3250; x_wconf 84' lang='lat' dir='ltr'><strong>vincens</strong></span> <span class='ocrx_word' id='word_1_71' title='bbox 560 3187 857 3251; x_wconf 80' lang='lat' dir='ltr'><strong>doctrina</strong></span> 
     </span>
     <span class='ocr_line' id='line_1_23' title="bbox 239 3288 1367 3370; baseline 0.001 -20"><span class='ocrx_word' id='word_1_72' title='bbox 239 3288 394 3351; x_wconf 85' lang='lat' dir='ltr'><strong>fidei</strong></span> <span class='ocrx_word' id='word_1_73' title='bbox 425 3289 687 3370; x_wconf 84' lang='lat' dir='ltr'><strong>paravit</strong></span> <span class='ocrx_word' id='word_1_74' title='bbox 717 3288 917 3352; x_wconf 88' lang='lat' dir='ltr'><strong>corda</strong></span> <span class='ocrx_word' id='word_1_75' title='bbox 943 3289 1235 3370; x_wconf 85' lang='lat' dir='ltr'><strong>plurima.</strong></span> <span class='ocrx_word' id='word_1_76' title='bbox 1284 3290 1367 3351; x_wconf 87' lang='lat'><strong>20</strong></span> 
     </span>
    </p>
   </div>
   <div class='ocr_carea' id='block_1_10' title="bbox 134 3478 1259 3762">
    <p class='ocr_par' dir='ltr' id='par_1_10' title="bbox 134 3478 1259 3762">
     <span class='ocr_line' id='line_1_24' title="bbox 134 3478 771 3557; baseline 0.003 -21"><span class='ocrx_word' id='word_1_77' title='bbox 134 3479 182 3538; x_wconf 79' lang='lat'><strong>5.</strong></span> <span class='ocrx_word' id='word_1_78' title='bbox 240 3478 400 3543; x_wconf 83' lang='lat' dir='ltr'><strong>Post</strong></span> <span class='ocrx_word' id='word_1_79' title='bbox 445 3484 517 3540; x_wconf 88' lang='lat' dir='ltr'><strong>ut</strong></span> <span class='ocrx_word' id='word_1_80' title='bbox 563 3494 771 3557; x_wconf 88' lang='lat' dir='ltr'><strong>agnus</strong></span> 
     </span>
     <span class='ocr_line' id='line_1_25' title="bbox 230 3577 741 3662; baseline -0.006 -20"><span class='ocrx_word' id='word_1_81' title='bbox 230 3578 469 3662; x_wconf 87' lang='lat' dir='ltr'><strong>jugulo</strong></span> <span class='ocrx_word' id='word_1_82' title='bbox 511 3577 741 3641; x_wconf 88' lang='lat' dir='ltr'><strong>ductus</strong></span> 
     </span>
     <span class='ocr_line' id='line_1_26' title="bbox 241 3680 1259 3762; baseline -0.004 -19"><span class='ocrx_word' id='word_1_83' title='bbox 241 3698 312 3743; x_wconf 89' lang='lat' dir='ltr'><strong>se</strong></span> <span class='ocrx_word' id='word_1_84' title='bbox 360 3680 674 3762; x_wconf 83' lang='lat' dir='ltr'><strong>impendit</strong></span> <span class='ocrx_word' id='word_1_85' title='bbox 713 3680 1259 3762; x_wconf 72' lang='lat' dir='ltr'><strong>promptissimae,</strong></span> 
     </span>
    </p>
   </div>
   <div class='ocr_carea' id='block_1_11' title="bbox 241 3815 1368 4087">
    <p class='ocr_par' dir='ltr' id='par_1_11' title="bbox 241 3815 1368 4087">
     <span class='ocr_line' id='line_1_27' title="bbox 241 3815 710 3898; baseline -0.004 -18"><span class='ocrx_word' id='word_1_86' title='bbox 241 3815 508 3881; x_wconf 85' lang='lat' dir='ltr'><strong>Lavans</strong></span> <span class='ocrx_word' id='word_1_87' title='bbox 556 3816 710 3898; x_wconf 89' lang='lat' dir='ltr'><strong>agni</strong></span> 
     </span>
     <span class='ocr_line' id='line_1_28' title="bbox 241 3917 1368 3999; baseline -0.002 -19"><span class='ocrx_word' id='word_1_88' title='bbox 241 3920 560 3999; x_wconf 86' lang='lat' dir='ltr'><strong>sanguine</strong></span> <span class='ocrx_word' id='word_1_89' title='bbox 607 3918 839 3982; x_wconf 88' lang='lat' dir='ltr'><strong>stolam</strong></span> <span class='ocrx_word' id='word_1_90' title='bbox 1284 3917 1368 3979; x_wconf 86' lang='lat'><strong>25</strong></span> 
     </span>
     <span class='ocr_line' id='line_1_29' title="bbox 241 4021 1174 4087; baseline -0.005 0"><span class='ocrx_word' id='word_1_91' title='bbox 241 4023 660 4087; x_wconf 85' lang='lat' dir='ltr'><strong>commutavit</strong></span> <span class='ocrx_word' id='word_1_92' title='bbox 704 4029 910 4084; x_wconf 86' lang='lat' dir='ltr'><strong>morte</strong></span> <span class='ocrx_word' id='word_1_93' title='bbox 957 4021 1174 4083; x_wconf 89' lang='lat' dir='ltr'><strong>vitam.</strong></span> 
     </span>
    </p>
   </div>
   <div class='ocr_carea' id='block_1_12' title="bbox 136 4205 748 4293">
    <p class='ocr_par' dir='ltr' id='par_1_12' title="bbox 136 4205 748 4293">
     <span class='ocr_line' id='line_1_30' title="bbox 136 4205 748 4293; baseline 0 -20"><span class='ocrx_word' id='word_1_94' title='bbox 136 4205 183 4266; x_wconf 73' lang='grc'><strong>6.</strong></span> <span class='ocrx_word' id='word_1_95' title='bbox 235 4207 548 4293; x_wconf 80' lang='lat' dir='ltr'><strong>Ejusdem</strong></span> <span class='ocrx_word' id='word_1_96' title='bbox 591 4211 748 4273; x_wconf 84' lang='lat' dir='ltr'><strong>vitae</strong></span> 
     </span>
    </p>
   </div>
   <div class='ocr_carea' id='block_1_13' title="bbox 1604 895 2394 1078">
    <p class='ocr_par' dir='ltr' id='par_1_13' title="bbox 1604 895 2394 1078">
     <span class='ocr_line' id='line_1_31' title="bbox 1604 895 1911 957; baseline -0.003 0"><span class='ocrx_word' id='word_1_97' title='bbox 1604 895 1911 957; x_wconf 85' lang='lat' dir='ltr'><strong>invitatus</strong></span> 
     </span>
     <span class='ocr_line' id='line_1_32' title="bbox 1604 995 2394 1078; baseline -0.001 -20"><span class='ocrx_word' id='word_1_98' title='bbox 1604 996 1839 1059; x_wconf 88' lang='lat' dir='ltr'><strong>ardore</strong></span> <span class='ocrx_word' id='word_1_99' title='bbox 1888 995 2394 1078; x_wconf 74' lang='lat' dir='ltr'><strong>christophorus</strong></span> 
     </span>
    </p>
   </div>
   <div class='ocr_carea' id='block_1_14' title="bbox 1604 1113 2723 1400">
    <p class='ocr_par' dir='ltr' id='par_1_14' title="bbox 1604 1113 2723 1400">
     <span class='ocr_line' id='line_1_33' title="bbox 1604 1113 2723 1198; baseline -0.004 -20"><span class='ocrx_word' id='word_1_100' title='bbox 1604 1115 1745 1180; x_wconf 89' lang='lat' dir='ltr'><strong>Hac</strong></span> <span class='ocrx_word' id='word_1_101' title='bbox 1787 1116 1932 1198; x_wconf 90' lang='lat' dir='ltr'><strong>ipsa</strong></span> <span class='ocrx_word' id='word_1_102' title='bbox 1977 1133 2208 1197; x_wconf 88' lang='lat' dir='ltr'><strong>passus</strong></span> <span class='ocrx_word' id='word_1_103' title='bbox 2641 1113 2723 1174; x_wconf 88' lang='lat'><strong>30</strong></span> 
     </span>
     <span class='ocr_line' id='line_1_34' title="bbox 1604 1215 1968 1280; baseline -0.003 0"><span class='ocrx_word' id='word_1_104' title='bbox 1604 1225 1707 1280; x_wconf 86' lang='lat' dir='ltr'><strong>est</strong></span> <span class='ocrx_word' id='word_1_105' title='bbox 1751 1218 1817 1280; x_wconf 91' lang='lat' dir='ltr'><strong>in</strong></span> <span class='ocrx_word' id='word_1_106' title='bbox 1864 1215 1968 1280; x_wconf 83' lang='lat' dir='ltr'><strong>die</strong></span> 
     </span>
     <span class='ocr_line' id='line_1_35' title="bbox 1604 1318 2387 1400; baseline -0.005 -19"><span class='ocrx_word' id='word_1_107' title='bbox 1604 1318 1723 1381; x_wconf 88' lang='lat' dir='ltr'><strong>sed</strong></span> <span class='ocrx_word' id='word_1_108' title='bbox 1770 1318 2031 1381; x_wconf 87' lang='lat' dir='ltr'><strong>diverso</strong></span> <span class='ocrx_word' id='word_1_109' title='bbox 2078 1326 2387 1400; x_wconf 89' lang='lat' dir='ltr'><strong>tempore.</strong></span> 
     </span>
    </p>
   </div>
   <div class='ocr_carea' id='block_1_15' title="bbox 1473 1479 2298 1561">
    <p class='ocr_par' dir='ltr' id='par_1_15' title="bbox 1473 1479 2298 1561">
     <span class='ocr_line' id='line_1_36' title="bbox 1473 1479 2298 1561; baseline -0.002 -18"><span class='ocrx_word' id='word_1_110' title='bbox 1473 1483 1531 1543; x_wconf 84' lang='grc'><strong>7.</strong></span> <span class='ocrx_word' id='word_1_111' title='bbox 1599 1479 1956 1544; x_wconf 81' lang='lat' dir='ltr'><strong>Gentilibus</strong></span> <span class='ocrx_word' id='word_1_112' title='bbox 2003 1487 2298 1561; x_wconf 85' lang='lat' dir='ltr'><strong>exortus,</strong></span> 
     </span>
    </p>
   </div>
   <div class='ocr_carea' id='block_1_16' title="bbox 1605 1581 2724 1868">
    <p class='ocr_par' dir='ltr' id='par_1_16' title="bbox 1605 1581 2724 1868">
     <span class='ocr_line' id='line_1_37' title="bbox 1605 1581 2416 1645; baseline -0.001 -2"><span class='ocrx_word' id='word_1_113' title='bbox 1605 1581 1721 1644; x_wconf 90' lang='lat' dir='ltr'><strong>sed</strong></span> <span class='ocrx_word' id='word_1_114' title='bbox 1769 1582 2020 1645; x_wconf 84' lang='lat' dir='ltr'><strong>coelitus</strong></span> <span class='ocrx_word' id='word_1_115' title='bbox 2066 1582 2416 1644; x_wconf 86' lang='lat' dir='ltr'><strong>instructus</strong></span> 
     </span>
     <span class='ocr_line' id='line_1_38' title="bbox 1610 1681 2724 1768; baseline -0.004 -22"><span class='ocrx_word' id='word_1_116' title='bbox 1610 1686 1862 1764; x_wconf 80' lang='lat' dir='ltr'><strong>verbiS,</strong></span> <span class='ocrx_word' id='word_1_117' title='bbox 1911 1684 2080 1766; x_wconf 86' lang='lat' dir='ltr'><strong>qnod</strong></span> <span class='ocrx_word' id='word_1_118' title='bbox 2128 1683 2530 1768; x_wconf 79' lang='lat' dir='ltr'><strong>praedicabat</strong></span> <span class='ocrx_word' id='word_1_119' title='bbox 2644 1681 2724 1742; x_wconf 87' lang='grc'><strong>35</strong></span> 
     </span>
     <span class='ocr_line' id='line_1_39' title="bbox 1605 1785 2169 1868; baseline -0.004 -19"><span class='ocrx_word' id='word_1_120' title='bbox 1605 1787 1808 1868; x_wconf 90' lang='lat' dir='ltr'><strong>signis</strong></span> <span class='ocrx_word' id='word_1_121' title='bbox 1855 1785 2169 1849; x_wconf 88' lang='lat' dir='ltr'><strong>firmabat.</strong></span> 
     </span>
    </p>
   </div>
   <div class='ocr_carea' id='block_1_17' title="bbox 1603 1923 2726 2313">
    <p class='ocr_par' dir='ltr' id='par_1_17' title="bbox 1604 1923 2309 2005">
     <span class='ocr_line' id='line_1_40' title="bbox 1604 1923 2309 2005; baseline -0.006 -17"><span class='ocrx_word' id='word_1_122' title='bbox 1604 1923 1877 1988; x_wconf 87' lang='lat' dir='ltr'><strong>Aridam</strong></span> <span class='ocrx_word' id='word_1_123' title='bbox 1923 1924 2066 1987; x_wconf 87' lang='lat' dir='ltr'><strong>susa</strong></span> <span class='ocrx_word' id='word_1_124' title='bbox 2110 1942 2309 2005; x_wconf 85' lang='lat' dir='ltr'><strong>prece</strong></span> 
     </span>
    </p>

    <p class='ocr_par' dir='ltr' id='par_1_18' title="bbox 1607 2026 2373 2107">
     <span class='ocr_line' id='line_1_41' title="bbox 1607 2026 2373 2107; baseline 0 -20"><span class='ocrx_word' id='word_1_125' title='bbox 1607 2028 1859 2107; x_wconf 83' lang='lat' dir='ltr'><strong>virgam</strong></span> <span class='ocrx_word' id='word_1_126' title='bbox 1906 2026 2060 2089; x_wconf 81' lang='lat' dir='ltr'><strong>fecit</strong></span> <span class='ocrx_word' id='word_1_127' title='bbox 2104 2026 2373 2105; x_wconf 87' lang='lat' dir='ltr'><strong>florere,</strong></span> 
     </span>
    </p>

    <p class='ocr_par' dir='ltr' id='par_1_19' title="bbox 1606 2129 2333 2208">
     <span class='ocr_line' id='line_1_42' title="bbox 1606 2129 2333 2208; baseline -0.006 -15"><span class='ocrx_word' id='word_1_128' title='bbox 1606 2130 1857 2193; x_wconf 90' lang='lat' dir='ltr'><strong>carceri</strong></span> <span class='ocrx_word' id='word_1_129' title='bbox 1903 2129 2333 2208; x_wconf 86' lang='lat' dir='ltr'><strong>mancipatur,</strong></span> 
     </span>
    </p>

    <p class='ocr_par' dir='ltr' id='par_1_20' title="bbox 1603 2230 2726 2313">
     <span class='ocr_line' id='line_1_43' title="bbox 1603 2230 2726 2313; baseline -0.002 -20"><span class='ocrx_word' id='word_1_130' title='bbox 1603 2233 1808 2313; x_wconf 85' lang='lat' dir='ltr'><strong>virgis</strong></span> <span class='ocrx_word' id='word_1_131' title='bbox 1854 2230 2139 2295; x_wconf 83' lang='lat' dir='ltr'><strong>caeditur.</strong></span> <span class='ocrx_word' id='word_1_132' title='bbox 2641 2230 2726 2291; x_wconf 83' lang='lat'><strong>40</strong></span> 
     </span>
    </p>
   </div>
   <div class='ocr_carea' id='block_1_18' title="bbox 1473 2357 2306 2480">
    <p class='ocr_par' dir='ltr' id='par_1_21' title="bbox 1473 2357 2306 2480">
     <span class='ocr_line' id='line_1_44' title="bbox 1473 2357 2306 2480; baseline -0.004 -18"><span class='ocrx_word' id='word_1_133' title='bbox 1473 2401 1533 2462; x_wconf 83' lang='lat'><strong>8.</strong></span> <span class='ocrx_word' id='word_1_134' title='bbox 1596 2398 1822 2480; x_wconf 82' lang='lat' dir='ltr'><strong>Ignem</strong></span> <span class='ocrx_word' id='word_1_135' title='bbox 1867 2357 2306 2480; x_wconf 82' lang='lat' dir='ltr'><strong>pertransivit,</strong></span> 
     </span>
    </p>
   </div>
   <div class='ocr_carea' id='block_1_19' title="bbox 1604 2497 2697 2577">
    <p class='ocr_par' dir='ltr' id='par_1_22' title="bbox 1604 2497 2697 2577">
     <span class='ocr_line' id='line_1_45' title="bbox 1604 2497 2697 2577; baseline -0.004 -14"><span class='ocrx_word' id='word_1_136' title='bbox 1604 2501 1846 2565; x_wconf 79' lang='lat' dir='ltr'><strong>ferrum</strong></span> <span class='ocrx_word' id='word_1_137' title='bbox 1893 2500 2059 2563; x_wconf 90' lang='lat' dir='ltr'><strong>sicut</strong></span> <span class='ocrx_word' id='word_1_138' title='bbox 2104 2519 2317 2563; x_wconf 88' lang='lat' dir='ltr'><strong>ceram</strong></span> <span class='ocrx_word' id='word_1_139' title='bbox 2364 2497 2697 2577; x_wconf 81' lang='lat' dir='ltr'><strong>dissolvit3</strong></span> 
     </span>
    </p>
   </div>
   <div class='ocr_carea' id='block_1_20' title="bbox 1605 2641 2596 2824">
    <p class='ocr_par' dir='ltr' id='par_1_23' title="bbox 1605 2641 2596 2824">
     <span class='ocr_line' id='line_1_46' title="bbox 1607 2641 2217 2725; baseline -0.008 -19"><span class='ocrx_word' id='word_1_140' title='bbox 1607 2641 1837 2725; x_wconf 84' lang='lat' dir='ltr'><strong>Capite</strong></span> <span class='ocrx_word' id='word_1_141' title='bbox 1884 2641 2217 2723; x_wconf 84' lang='lat' dir='ltr'><strong>plectitur,</strong></span> 
     </span>
     <span class='ocr_line' id='line_1_47' title="bbox 1605 2738 2596 2824; baseline -0.012 -12"><span class='ocrx_word' id='word_1_142' title='bbox 1605 2747 1807 2811; x_wconf 88' lang='lat' dir='ltr'><strong>coelos</strong></span> <span class='ocrx_word' id='word_1_143' title='bbox 1851 2754 1917 2808; x_wconf 89' lang='lat' dir='ltr'><strong>et</strong></span> <span class='ocrx_word' id='word_1_144' title='bbox 1960 2746 2171 2809; x_wconf 87' lang='lat' dir='ltr'><strong>victor</strong></span> <span class='ocrx_word' id='word_1_145' title='bbox 2220 2738 2596 2824; x_wconf 84' lang='lat' dir='ltr'><strong>ingreditur.</strong></span> 
     </span>
    </p>
   </div>
   <div class='ocr_carea' id='block_1_21' title="bbox 1473 2902 2727 2992">
    <p class='ocr_par' dir='ltr' id='par_1_24' title="bbox 1473 2902 2727 2992">
     <span class='ocr_line' id='line_1_48' title="bbox 1473 2902 2727 2992; baseline -0.009 -19"><span class='ocrx_word' id='word_1_146' title='bbox 1473 2912 1532 2974; x_wconf 80' lang='lat'><strong>9.</strong></span> <span class='ocrx_word' id='word_1_147' title='bbox 1597 2907 1809 2992; x_wconf 90' lang='lat' dir='ltr'><strong>Ipsius</strong></span> <span class='ocrx_word' id='word_1_148' title='bbox 1857 2927 1979 2990; x_wconf 92' lang='lat' dir='ltr'><strong>per</strong></span> <span class='ocrx_word' id='word_1_149' title='bbox 2023 2904 2340 2968; x_wconf 87' lang='lat' dir='ltr'><strong>mirabilia</strong></span> <span class='ocrx_word' id='word_1_150' title='bbox 2644 2902 2727 2964; x_wconf 84' lang='lat'><strong>45</strong></span> 
     </span>
    </p>
   </div>
   <div class='ocr_carea' id='block_1_22' title="bbox 1604 3007 2725 3524">
    <p class='ocr_par' dir='ltr' id='par_1_25' title="bbox 1606 3007 2265 3075">
     <span class='ocr_line' id='line_1_49' title="bbox 1606 3007 2265 3075; baseline -0.009 0"><span class='ocrx_word' id='word_1_151' title='bbox 1606 3010 2023 3075; x_wconf 87' lang='lat' dir='ltr'><strong>crediderunt</strong></span> <span class='ocrx_word' id='word_1_152' title='bbox 2067 3007 2265 3071; x_wconf 88' lang='lat' dir='ltr'><strong>millia</strong></span> 
     </span>
    </p>

    <p class='ocr_par' dir='ltr' id='par_1_26' title="bbox 1606 3110 2207 3195">
     <span class='ocr_line' id='line_1_50' title="bbox 1606 3110 2207 3195; baseline -0.008 -18"><span class='ocrx_word' id='word_1_153' title='bbox 1606 3120 1834 3195; x_wconf 83' lang='lat' dir='ltr'><strong>quater</strong></span> <span class='ocrx_word' id='word_1_154' title='bbox 1880 3110 2207 3191; x_wconf 86' lang='lat' dir='ltr'><strong>duodena,</strong></span> 
     </span>
    </p>

    <p class='ocr_par' dir='ltr' id='par_1_27' title="bbox 1604 3236 2684 3423">
     <span class='ocr_line' id='line_1_51' title="bbox 1604 3236 2684 3320; baseline -0.006 -15"><span class='ocrx_word' id='word_1_155' title='bbox 1604 3241 1747 3305; x_wconf 87' lang='lat' dir='ltr'><strong>Rex</strong></span> <span class='ocrx_word' id='word_1_156' title='bbox 1793 3258 2068 3320; x_wconf 77' lang='lat' dir='ltr'><strong>quoque.</strong></span> <span class='ocrx_word' id='word_1_157' title='bbox 2116 3239 2225 3317; x_wconf 90' lang='lat' dir='ltr'><strong>qui</strong></span> <span class='ocrx_word' id='word_1_158' title='bbox 2271 3256 2412 3301; x_wconf 88' lang='lat' dir='ltr'><strong>eum</strong></span> <span class='ocrx_word' id='word_1_159' title='bbox 2457 3236 2684 3318; x_wconf 84' lang='lat' dir='ltr'><strong>puniit,</strong></span> 
     </span>
     <span class='ocr_line' id='line_1_52' title="bbox 1607 3336 2431 3423; baseline -0.01 -18"><span class='ocrx_word' id='word_1_160' title='bbox 1607 3341 1809 3423; x_wconf 88' lang='lat' dir='ltr'><strong>signis</strong></span> <span class='ocrx_word' id='word_1_161' title='bbox 1856 3340 2064 3401; x_wconf 90' lang='lat' dir='ltr'><strong>victus</strong></span> <span class='ocrx_word' id='word_1_162' title='bbox 2111 3357 2252 3399; x_wconf 89' lang='lat' dir='ltr'><strong>cum</strong></span> <span class='ocrx_word' id='word_1_163' title='bbox 2299 3336 2431 3398; x_wconf 89' lang='lat' dir='ltr'><strong>suis</strong></span> 
     </span>
    </p>

    <p class='ocr_par' dir='ltr' id='par_1_28' title="bbox 1612 3435 2725 3524">
     <span class='ocr_line' id='line_1_53' title="bbox 1612 3435 2725 3524; baseline -0.007 -19"><span class='ocrx_word' id='word_1_164' title='bbox 1612 3442 1804 3504; x_wconf 80' lang='lat' dir='ltr'><strong>fidem</strong></span> <span class='ocrx_word' id='word_1_165' title='bbox 1849 3438 2221 3524; x_wconf 88' lang='lat' dir='ltr'><strong>promeruit.</strong></span> <span class='ocrx_word' id='word_1_166' title='bbox 2643 3435 2725 3498; x_wconf 87' lang='lat'><strong>50</strong></span> 
     </span>
    </p>
   </div>
   <div class='ocr_carea' id='block_1_23' title="bbox 1476 3600 2598 3686">
    <p class='ocr_par' dir='ltr' id='par_1_29' title="bbox 1476 3600 2598 3686">
     <span class='ocr_line' id='line_1_54' title="bbox 1476 3600 2598 3686; baseline -0.008 -16"><span class='ocrx_word' id='word_1_167' title='bbox 1476 3610 1576 3671; x_wconf 83' lang='lat'><strong>10.</strong></span> <span class='ocrx_word' id='word_1_168' title='bbox 1618 3604 1832 3686; x_wconf 87' lang='lat' dir='ltr'><strong>Terge</strong></span> <span class='ocrx_word' id='word_1_169' title='bbox 1862 3603 2053 3683; x_wconf 88' lang='lat' dir='ltr'><strong>fletu,</strong></span> <span class='ocrx_word' id='word_1_170' title='bbox 2082 3600 2361 3681; x_wconf 87' lang='lat' dir='ltr'><strong>Rachel,</strong></span> <span class='ocrx_word' id='word_1_171' title='bbox 2393 3617 2598 3681; x_wconf 86' lang='lat' dir='ltr'><strong>genas</strong></span> 
     </span>
    </p>
   </div>
   <div class='ocr_carea' id='block_1_24' title="bbox 1613 3710 2224 3794">
    <p class='ocr_par' dir='ltr' id='par_1_30' title="bbox 1613 3710 2224 3794">
     <span class='ocr_line' id='line_1_55' title="bbox 1613 3710 2224 3794; baseline -0.007 -21"><span class='ocrx_word' id='word_1_172' title='bbox 1613 3710 1919 3794; x_wconf 85' lang='lat' dir='ltr'><strong>passione</strong></span> <span class='ocrx_word' id='word_1_173' title='bbox 1965 3725 2192 3771; x_wconf 87' lang='lat' dir='ltr'><strong>roseas</strong></span> <span class='ocrx_word' id='word_1_174' title='bbox 2208 3754 2224 3785; x_wconf 91' lang='lat'>‚</span> 
     </span>
    </p>
   </div>
   <div class='ocr_carea' id='block_1_25' title="bbox 1616 3836 2569 4022">
    <p class='ocr_par' dir='ltr' id='par_1_31' title="bbox 1616 3836 2569 4022">
     <span class='ocr_line' id='line_1_56' title="bbox 1616 3836 2569 3920; baseline -0.008 -16"><span class='ocrx_word' id='word_1_175' title='bbox 1616 3840 1791 3916; x_wconf 81' lang='lat' dir='ltr'><strong>Quos</strong></span> <span class='ocrx_word' id='word_1_176' title='bbox 1838 3840 2148 3920; x_wconf 81' lang='lat' dir='ltr'><strong>gemebas</strong></span> <span class='ocrx_word' id='word_1_177' title='bbox 2195 3836 2569 3900; x_wconf 88' lang='lat' dir='ltr'><strong>laborantes</strong></span> 
     </span>
     <span class='ocr_line' id='line_1_57' title="bbox 1618 3941 2469 4022; baseline -0.006 -16"><span class='ocrx_word' id='word_1_178' title='bbox 1618 3941 1810 4006; x_wconf 88' lang='lat' dir='ltr'><strong>modo</strong></span> <span class='ocrx_word' id='word_1_179' title='bbox 1858 3949 2137 4022; x_wconf 87' lang='lat' dir='ltr'><strong>regnant</strong></span> <span class='ocrx_word' id='word_1_180' title='bbox 2183 3941 2469 4003; x_wconf 84' lang='lat' dir='ltr'><strong>victores</strong></span> 
     </span>
    </p>
   </div>
   <div class='ocr_carea' id='block_1_26' title="bbox 1475 4096 2728 4184">
    <p class='ocr_par' dir='ltr' id='par_1_32' title="bbox 1475 4096 2728 4184">
     <span class='ocr_line' id='line_1_58' title="bbox 1475 4096 2728 4184; baseline -0.01 -16"><span class='ocrx_word' id='word_1_181' title='bbox 1475 4107 1575 4169; x_wconf 91' lang='lat'><strong>11.</strong></span> <span class='ocrx_word' id='word_1_182' title='bbox 1616 4102 1835 4184; x_wconf 87' lang='lat' dir='ltr'><strong>Teque</strong></span> <span class='ocrx_word' id='word_1_183' title='bbox 1869 4109 1979 4164; x_wconf 87' lang='lat' dir='ltr'><strong>tuo</strong></span> <span class='ocrx_word' id='word_1_184' title='bbox 2644 4096 2728 4156; x_wconf 84' lang='lat'><strong>55</strong></span> 
     </span>
    </p>
   </div>
   <div class='ocr_carea' id='block_1_27' title="bbox 1616 4201 2371 4279">
    <p class='ocr_par' dir='ltr' id='par_1_33' title="bbox 1616 4201 2371 4279">
     <span class='ocr_line' id='line_1_59' title="bbox 1616 4201 2371 4279; baseline -0.013 -11"><span class='ocrx_word' id='word_1_185' title='bbox 1616 4201 2068 4269; x_wconf 89' lang='lat' dir='ltr'><strong>commendant</strong></span> <span class='ocrx_word' id='word_1_186' title='bbox 2111 4214 2371 4279; x_wconf 88' lang='lat' dir='ltr'><strong>sponso.</strong></span> 
     </span>
    </p>
   </div>
   <div class='ocr_carea' id='block_1_28' title="bbox 142 4377 2732 4553">
    <p class='ocr_par' dir='ltr' id='par_1_34' title="bbox 142 4377 2732 4553">
     <span class='ocr_line' id='line_1_60' title="bbox 291 4377 2732 4457; baseline -0.007 -9"><span class='ocrx_word' id='word_1_187' title='bbox 291 4394 387 4449; x_wconf 84' lang='lat' dir='ltr'><strong>Hs.</strong></span> <span class='ocrx_word' id='word_1_188' title='bbox 425 4395 500 4447; x_wconf 83' lang='lat' dir='ltr'><strong>im</strong></span> <span class='ocrx_word' id='word_1_189' title='bbox 538 4392 754 4447; x_wconf 80' lang='lat' dir='ltr'><strong>Archiv</strong></span> <span class='ocrx_word' id='word_1_190' title='bbox 790 4410 860 4448; x_wconf 85' lang='lat' dir='ltr'><strong>zu</strong></span> <span class='ocrx_word' id='word_1_191' title='bbox 899 4391 1228 4457; x_wconf 86' lang='lat' dir='ltr'><strong>Karlsruhe,</strong></span> <span class='ocrx_word' id='word_1_192' title='bbox 1268 4392 1334 4442; x_wconf 85' lang='lat'><strong>12</strong></span> <span class='ocrx_word' id='word_1_193' title='bbox 1366 4388 1567 4445; x_wconf 81' lang='lat' dir='ltr'><strong>Jahrb.</strong></span> <span class='ocrx_word' id='word_1_194' title='bbox 1605 4391 1771 4440; x_wconf 85' lang='lat' dir='ltr'><strong>unter</strong></span> <span class='ocrx_word' id='word_1_195' title='bbox 1808 4383 2019 4439; x_wconf 84' lang='lat' dir='ltr'><strong>andern</strong></span> <span class='ocrx_word' id='word_1_196' title='bbox 2059 4381 2388 4450; x_wconf 86' lang='lat' dir='ltr'><strong>Sequenzen</strong></span> <span class='ocrx_word' id='word_1_197' title='bbox 2435 4379 2560 4451; x_wconf 87' lang='lat' dir='ltr'><strong>(C).</strong></span> <span class='ocrx_word' id='word_1_198' title='bbox 2635 4377 2732 4432; x_wconf 80' lang='lat' dir='ltr'><strong>ns.</strong></span> 
     </span>
     <span class='ocr_line' id='line_1_61' title="bbox 142 4473 1658 4553; baseline -0.003 -21"><span class='ocrx_word' id='word_1_199' title='bbox 142 4493 196 4530; x_wconf 77' lang='lat' dir='ltr'><strong>zu</strong></span> <span class='ocrx_word' id='word_1_200' title='bbox 226 4481 516 4553; x_wconf 82' lang='lat' dir='ltr'><strong>Stnttgart</strong></span> <span class='ocrx_word' id='word_1_201' title='bbox 553 4481 698 4536; x_wconf 89' lang='lat' dir='ltr'><strong>Bibl.</strong></span> <span class='ocrx_word' id='word_1_202' title='bbox 735 4483 842 4537; x_wconf 90' lang='lat' dir='ltr'><strong>No.</strong></span> <span class='ocrx_word' id='word_1_203' title='bbox 881 4483 967 4535; x_wconf 85' lang='lat'><strong>20.</strong></span> <span class='ocrx_word' id='word_1_204' title='bbox 1007 4478 1047 4535; x_wconf 81' lang='lat' dir='ltr'><strong>f.</strong></span> <span class='ocrx_word' id='word_1_205' title='bbox 1076 4481 1159 4534; x_wconf 85' lang='grc'><strong>66.</strong></span> <span class='ocrx_word' id='word_1_206' title='bbox 1200 4482 1265 4532; x_wconf 83' lang='grc'><strong>12</strong></span> <span class='ocrx_word' id='word_1_207' title='bbox 1300 4477 1498 4531; x_wconf 78' lang='lat' dir='ltr'><strong>Jahrb.</strong></span> <span class='ocrx_word' id='word_1_208' title='bbox 1533 4473 1658 4544; x_wconf 86' lang='lat' dir='ltr'>(S).</span> 
     </span>
    </p>
   </div>
   <div class='ocr_carea' id='block_1_29' title="bbox 138 4570 2734 4745">
    <p class='ocr_par' dir='ltr' id='par_1_35' title="bbox 138 4570 2734 4745">
     <span class='ocr_line' id='line_1_62' title="bbox 290 4570 2734 4657; baseline -0.008 -15"><span class='ocrx_word' id='word_1_209' title='bbox 290 4590 325 4642; x_wconf 85' lang='lat'><strong>3</strong></span> <span class='ocrx_word' id='word_1_210' title='bbox 374 4587 635 4657; x_wconf 85' lang='lat' dir='ltr'><strong>omnique</strong></span> <span class='ocrx_word' id='word_1_211' title='bbox 687 4589 794 4645; x_wconf 84' lang='lat' dir='ltr'><strong>CS.</strong></span> <span class='ocrx_word' id='word_1_212' title='bbox 898 4590 964 4641; x_wconf 77' lang='lat'><strong>17</strong></span> <span class='ocrx_word' id='word_1_213' title='bbox 1013 4587 1191 4641; x_wconf 87' lang='lat' dir='ltr'><strong>verbo</strong></span> <span class='ocrx_word' id='word_1_214' title='bbox 1241 4581 1386 4638; x_wconf 83' lang='lat' dir='ltr'><strong>fehlt</strong></span> <span class='ocrx_word' id='word_1_215' title='bbox 1435 4581 1496 4637; x_wconf 86' lang='lat' dir='ltr'><strong>C.</strong></span> <span class='ocrx_word' id='word_1_216' title='bbox 1596 4579 1668 4632; x_wconf 84' lang='lat'><strong>28</strong></span> <span class='ocrx_word' id='word_1_217' title='bbox 1716 4578 1963 4632; x_wconf 85' lang='lat' dir='ltr'><strong>imitatus</strong></span> <span class='ocrx_word' id='word_1_218' title='bbox 2002 4573 2265 4630; x_wconf 85' lang='lat' dir='ltr'><strong>ardorem</strong></span> <span class='ocrx_word' id='word_1_219' title='bbox 2301 4573 2359 4629; x_wconf 88' lang='lat' dir='ltr'><strong>S.</strong></span> <span class='ocrx_word' id='word_1_220' title='bbox 2458 4572 2530 4624; x_wconf 82' lang='lat'><strong>30</strong></span> <span class='ocrx_word' id='word_1_221' title='bbox 2565 4584 2631 4624; x_wconf 90' lang='lat' dir='ltr'><strong>ac</strong></span> <span class='ocrx_word' id='word_1_222' title='bbox 2669 4570 2734 4626; x_wconf 86' lang='lat' dir='ltr'><strong>G.</strong></span> 
     </span>
     <span class='ocr_line' id='line_1_63' title="bbox 138 4658 2529 4745; baseline -0.008 -15"><span class='ocrx_word' id='word_1_223' title='bbox 138 4670 194 4724; x_wconf 82' lang='grc'><strong>35</strong></span> <span class='ocrx_word' id='word_1_224' title='bbox 222 4674 556 4745; x_wconf 72' lang='lat' dir='ltr'><strong>praedicavit</strong></span> <span class='ocrx_word' id='word_1_225' title='bbox 590 4675 648 4731; x_wconf 89' lang='lat' dir='ltr'><strong>S.</strong></span> <span class='ocrx_word' id='word_1_226' title='bbox 717 4677 789 4730; x_wconf 83' lang='grc'><strong>36</strong></span> <span class='ocrx_word' id='word_1_227' title='bbox 825 4672 1070 4730; x_wconf 84' lang='lat' dir='ltr'><strong>firmavit</strong></span> <span class='ocrx_word' id='word_1_228' title='bbox 1106 4673 1165 4729; x_wconf 89' lang='lat' dir='ltr'><strong>S.</strong></span> <span class='ocrx_word' id='word_1_229' title='bbox 1235 4672 1307 4726; x_wconf 87' lang='grc'><strong>39</strong></span> <span class='ocrx_word' id='word_1_230' title='bbox 1343 4666 1733 4737; x_wconf 82' lang='lat' dir='ltr'><strong>mancipantur</strong></span> <span class='ocrx_word' id='word_1_231' title='bbox 1771 4665 1830 4721; x_wconf 87' lang='lat' dir='ltr'><strong>C.</strong></span> <span class='ocrx_word' id='word_1_232' title='bbox 1903 4665 1972 4717; x_wconf 69' lang='lat'><strong>44</strong></span> <span class='ocrx_word' id='word_1_233' title='bbox 2008 4667 2085 4731; x_wconf 86' lang='lat' dir='ltr'><strong>ut,</strong></span> <span class='ocrx_word' id='word_1_234' title='bbox 2125 4661 2336 4732; x_wconf 82' lang='lat' dir='ltr'><strong>corrig.</strong></span> <span class='ocrx_word' id='word_1_235' title='bbox 2377 4664 2435 4714; x_wconf 85' lang='lat' dir='ltr'><strong>et</strong></span> <span class='ocrx_word' id='word_1_236' title='bbox 2470 4658 2529 4714; x_wconf 88' lang='lat' dir='ltr'><strong>S.</strong></span> 
     </span>
    </p>
   </div>
  </div>
 </body>
</html>
