3175 5234
55 450 72 488 ι

55 522 72 576 k

55 714 68 751 ι

58 892 67 927 ι

54 980 64 1016 ι

55 1068 62 1103 ι

2672 270 2813 341 m

205 448 461 519 Pasti-ix
505 451 675 517 alma
717 453 1114 537 puellarum,
1550 454 1741 522 Nunc
1784 476 1925 523 eum
1972 457 2214 523 sanctis
2258 456 2601 525 collocaris

288 573 430 621 cum
477 552 718 620 defecit
763 555 990 639 alitus,
1360 556 1445 620 20
1637 559 1704 622 in
1751 560 1899 625 coeli
1940 559 2214 643 palatiu,

65 656 70 663 '
204 675 469 744 precum
511 663 669 721 vota
711 655 873 721 dans
919 657 1258 723 multarum
1549 666 1624 725 ut
1667 678 1811 727 cum
1858 658 2120 726 Christo
2164 660 2522 746 perfruaris

55 804 67 839 1:
281 760 582 825 invenisti
628 759 880 825 coelitus
1638 762 2032 846 sempiterno
2077 762 2346 846 gaudio,

199 862 456 947 frugum
498 869 754 947 pastum
798 864 1176 931 collatarum
1192 912 1209 947 ,
1547 866 1737 931 nobis
1782 882 1973 949 opem
2015 865 2320 949 largiaris
2714 867 2803 932 35

284 984 412 1049 quo
459 970 732 1032 carebas
777 966 1085 1051 primitus.
1635 988 1781 1036 cum
1823 970 2007 1054 pacis
2049 969 2378 1055 praesidio.

54 1158 62 1191 ²
196 1151 270 1220 ln
313 1154 539 1218 servili
584 1162 653 1219 tu
695 1172 980 1239 persona
1359 1149 1441 1219 25
1550 1158 1838 1227 Gloriam
1883 1159 1995 1226 det
2036 1159 2304 1226 trinitati

279 1255 389 1322 hic
436 1256 727 1340 degebas
770 1257 1026 1325 humilis
1041 1307 1058 1342 ,
1637 1281 1895 1348 semper
1940 1263 2087 1329 haec
2129 1264 2500 1348 plebecula,

195 1360 314 1425 sed
358 1359 607 1426 decora
639 1360 782 1446 jam
824 1379 1069 1451 corona
1551 1364 1807 1430 deitatis
1848 1365 2075 1430 unitati

276 1462 509 1528 rutilas
553 1463 955 1548 spectabilis,
1633 1465 1892 1532 laudem
1936 1466 2106 1532 ferat
2139 1465 2392 1548 sedula,
2706 1465 2793 1529 40

194 1565 382 1630 uobis
432 1564 635 1650 dona,
678 1567 900 1651 virgo,
945 1570 1148 1652 bona,
1549 1590 1670 1655 per
1715 1589 1903 1653 quam
1949 1571 2158 1636 lorum
2203 1570 2410 1635 nostri
2452 1568 2566 1633 fati

281 1669 456 1735 sicut
497 1669 820 1751 quondam
868 1670 1154 1756 dapsilis.
1359 1671 1444 1735 30
1635 1671 1887 1754 regitur
1929 1691 2052 1755 per
2097 1671 2357 1737 saecula.

373 1853 475 1909 Hs.
513 1869 582 1908 zu
617 1853 679 1909 S.
716 1852 915 1910 Galleu
950 1855 1060 1911 No.
1097 1855 1216 1910 526.
1253 1852 1292 1911 f.
1329 1857 1447 1910 172.
1484 1856 1553 1908 14
1585 1853 1783 1910 Jahrb.
1817 1854 1947 1924 (A).
2018 1853 2181 1909 Auch
2205 1853 2264 1907 in
2291 1852 2395 1908 der
2420 1851 2517 1907 Hs.
2543 1851 2649 1909 No.
2679 1851 2809 1908 528.

192 1935 234 1995 f.
269 1941 392 1995 315.
446 1939 548 1995 mit
583 1941 685 1995 der
719 1940 1004 2011 Melodie,
1053 1946 1120 1997 15
1171 1944 1378 2000 Jahrb.
1427 1944 1557 2014 (Β).
1649 1942 1746 1997 Hs.
1782 1958 1855 1999 zu
1888 1941 1949 1997 S.
1981 1941 2129 1997 Paul
2161 1941 2221 1996 in
2264 1941 2519 1999 xii-ntea
2569 1940 2673 1997 No.
2711 1943 2803 1997 13.

55 2040 60 2071 t
193 2022 236 2082 f.
275 2029 396 2082 101.
434 2028 534 2083 des
570 2029 637 2082 15
662 2029 894 2097 Jahrb„
949 2029 1039 2085 die
1074 2047 1177 2086 aus
1212 2030 1273 2087 S.
1307 2030 1537 2088 Blasieu
1571 2029 1869 2098 bertum,
1904 2029 2018 2084 und
2054 2028 2157 2084 das
2196 2027 2333 2082 Lied
2363 2042 2481 2084 von
2515 2025 2584 2081 V.
2621 2027 2690 2081 19
2723 2042 2801 2083 an

55 2128 60 2159 ι
191 2111 293 2169 fiir
343 2117 381 2168 2
430 2115 737 2188 Tagzeiten
790 2116 957 2173 theilt
1018 2118 1147 2189 (G).
1216 2118 1385 2174 Diese
1430 2118 1653 2191 Bellige
1706 2132 1833 2172 war
1886 2114 1978 2171 die
2029 2116 2308 2172 Patronin
2361 2114 2459 2170 des
2493 2110 2697 2171 susten
2742 2114 2807 2170 in

55 2216 58 2247 t
194 2201 456 2259 zurzaeh
487 2201 582 2256 bei
615 2200 1042 2263 scheffhausen.

371 2325 409 2376 2
463 2321 815 2393 prudentium
868 2323 932 2382 Ο.
1038 2325 1074 2378 6
1126 2325 1206 2395 pl.
1258 2341 1312 2379 n.
1359 2324 1424 2381 Β.
1534 2328 1603 2380 13
1652 2325 1789 2380 vitae
1846 2322 1886 2380 f.
1942 2324 2095 2381 inte
2142 2323 2207 2380 Β.
2315 2325 2384 2377 15
2420 2321 2524 2377 sed
2557 2318 2804 2376 fehltB.

197 2410 269 2465 16
306 2414 474 2467 sanat
506 2409 570 2480 Β,
608 2410 805 2475 beseer
840 2411 1036 2483 erigis.
1105 2413 1174 2465 17
1209 2409 1390 2483 liquat
1424 2411 1490 2480 Β,
1526 2411 1705 2485 liquet
1723 2411 1784 2471 Ο.
1858 2411 1927 2466 18
1963 2410 2242 2483 baptismo
2278 2410 2343 2468 G.
2411 2409 2484 2465 20
2517 2402 2705 2463 deficit
2739 2405 2808 2473 Q.

196 2498 268 2553 24
303 2513 449 2568 quos
486 2498 546 2555 C.
615 2498 685 2552 28
721 2498 961 2554 rutilans
996 2498 1107 2556 Bc.

1065 2816 1282 2892 1198.
1351 2816 1469 2888 De
1521 2843 1578 2889 s.
1631 2814 1935 2890 Verena.

613 3036 760 3104 Lux
799 3038 1021 3104 mundi
1063 3038 1350 3104 tenebris
1392 3035 1644 3120 fulgida
1689 3034 2042 3120 splenduit,

618 3161 766 3224 quae
803 3142 961 3207 festi
1003 3142 1281 3208 celebris
1329 3140 1568 3225 gaudia
1612 3139 1818 3205 texuit
1835 3186 1854 3222 ,

612 3243 870 3328 hymnis
918 3244 1090 3310 dicta
1136 3245 1385 3311 crebris
1429 3241 1729 3308 laudibus
1775 3239 1982 3305 affluit

822 3354 890 3412 et
933 3347 1188 3430 pollens
1228 3345 1475 3411 meritis
1517 3344 1691 3410 cluit.

616 3535 780 3601 Haec
821 3535 885 3600 in
930 3535 1284 3619 progenies
1327 3532 1496 3598 festa
1541 3531 1842 3597 fidelibus
2763 3522 2810 3589 5

614 3648 718 3704 est
759 3638 1085 3724 praeclara
1129 3637 1271 3702 dies
1291 3684 1308 3716 ‚
1354 3656 1483 3720 qua
1527 3634 1718 3700 (latur
1764 3632 2056 3699 omnibus

617 3760 774 3825 spes
793 3790 810 3823 ‚
853 3760 989 3825 pax
1033 3748 1099 3805 et
1143 3740 1402 3823 requies
1446 3737 2045 3822 hymnisonantibus

829 3850 897 3907 et
944 3842 1140 3926 digne
1175 3842 1621 3927 jubilantibus.

618 4032 763 4100 Hac
804 4028 1071 4096 Vereua
1114 4029 1220 4094 die
1262 4029 1455 4113 virgo
1502 4028 1613 4094 dei
1655 4029 1765 4114 pia
2366 4111 2375 4121 .

617 4134 904 4204 coelestis
945 4132 1178 4217 patriae
1222 4133 1400 4199 venit
1441 4133 1509 4198 in
1554 4132 1750 4214 atria,
2728 4121 2815 4189 10

618 4235 1038 4325 congaudens
1084 4237 1254 4321 acie,
1319 4255 1465 4320 quae
1508 4237 1629 4303 fuit
1672 4236 1895 4318 obvia,

826 4343 899 4409 fit
942 4341 1130 4427 Syon
1171 4359 1347 4407 nova
1388 4340 1544 4406 filia.

523 4531 532 4541 '
622 4529 836 4597 Annis
877 4531 1030 4596 hinc
1070 4512 1312 4595 teneris
1354 4527 1548 4594 latria
1590 4527 1823 4611 regula
1837 4575 1856 4612 ‚

626 4632 897 4703 Thebai
935 4633 1202 4718 generis
1244 4632 1372 4701 ista
1409 4629 1700 4716 puellula
