3175 5234
409 278 548 347 ⁸⁰4

861 469 1221 554 antiphona.

408 606 858 678 Innocentiam
901 605 1189 670 retinens

408 710 847 794 mundumque
892 726 1009 775 cor
1051 708 1332 792 diligens
1584 708 1671 772 20

407 833 535 899 per
578 833 810 898 poenas
854 811 1252 896 temporales

410 925 643 1003 portas
681 915 973 981 introivit
1016 912 1381 978 aeternales.

792 1085 1284 1197 responsorium.

415 1236 610 1306 Felix
649 1240 850 1323 igitur
892 1239 1308 1322 margareta,

415 1344 745 1427 sacrilego
791 1345 1107 1427 sanguine
1153 1344 1502 1427 progenita
1522 1390 1540 1425 ,

415 1445 588 1528 fide,
664 1465 856 1529 quam
930 1447 1161 1529 spiritu
1226 1452 1454 1510 sancto
1514 1465 1672 1529 per-

1036 1548 1043 1553 ’
1152 1549 1327 1632 cepit
1343 1597 1363 1630 ,
1585 1549 1670 1611 25

416 1647 723 1713 vitiorum
767 1648 1034 1713 maculis
1078 1650 1286 1714 minus
1328 1649 1571 1715 infecit.

925 1852 1162 1900 ver-5¹18.

419 1972 571 2044 Ibat
614 1974 699 2040 de
743 1976 984 2040 virtute
1031 1975 1097 2039 in
1141 1970 1465 2057 virtutem,

422 2075 733 2142 ardenter
777 2077 1003 2142 sitiens
1048 2077 1281 2142 animae
1327 2076 1620 2141 salutem.

724 2257 735 2266 “
796 2269 1286 2348 responsorium.

418 2397 586 2465 Haec
628 2398 888 2465 modica
934 2399 1196 2481 quidem
1240 2400 1305 2463 in
1350 2401 1614 2483 malitia,

422 2502 545 2567 sed
588 2503 749 2567 mire
793 2503 1025 2583 vigens
1070 2501 1413 2586 pudicitia,
1591 2504 1676 2568 30

421 2613 765 2689 praeventa
809 2603 1023 2687 gratia
1065 2605 1498 2688 redemptoris

424 2709 720 2774 oviculas
763 2709 1079 2792 pascebat
1125 2710 1411 2774 nutricis.

929 2898 1040 2947 001⁸
1039 2898 1166 2947 sta-5.

313 3051 317 3055 ·
418 3011 716 3099 Simplex
761 3016 881 3081 fuit
926 3025 997 3081 ut
1041 3017 1337 3082 columba
1352 3066 1369 3101 ,

419 3117 960 3202 quemadmodum
1004 3138 1279 3205 serpens
1326 3129 1556 3186 astuta.

796 3289 1284 3367 responsorium.

421 3420 714 3499 Quadam
771 3422 876 3486 die
922 3419 1265 3504 Olybrius,
1591 3424 1676 3486 35

417 3522 731 3587 molestus
780 3521 904 3586 deo
953 3530 1020 3586 et
1064 3522 1465 3607 hominibus,

425 3621 579 3688 dum
600 3627 924 3689 transiens
945 3628 1152 3690 visum
1171 3629 1236 3690 in
1257 3647 1398 3691 eam
1415 3630 1677 3712 sparsit,

424 3743 581 3791 mox
623 3728 690 3790 in
734 3728 1319 3810 concupiscentiam
1371 3732 1513 3814 ejus
1558 3751 1678 3797 ex-

1160 3834 1336 3899 arsit.

931 3960 1168 4058 versus.

422 4120 591 4194 Erat
633 4128 800 4193 enim
847 4093 1105 4193 nimium
1149 4130 1435 4197 formosa

420 4232 493 4297 in
536 4231 718 4297 vultu
763 4241 830 4297 et
874 4231 1092 4298 floruit
1136 4241 1207 4298 ut
1251 4252 1423 4299 rosa.
1592 4239 1677 4302 40

871 4401 1231 4484 antiphona.

422 4529 821 4596 Desiderans
867 4536 1152 4617 speciem
1198 4537 1343 4621 ejus

424 4629 759 4716 benedixit
802 4652 947 4697 eam
991 4634 1187 4719 deus,

1775 467 2044 534 trahens
2088 468 2266 533 illam
2310 468 2396 533 ad
2441 486 2515 533 se

1775 571 1843 636 in
1885 571 2113 636 laetitia
2157 579 2225 635 et
2270 572 2693 636 exultatione.

1774 731 2102 798 Virtutum
2147 731 2443 797 dominus
2463 780 2483 815 ,
2959 733 3034 795 45

1776 843 2123 921 susceptor
2166 836 2374 917 illius,

1777 956 1997 1002 arcum
2040 936 2330 1020 potentis
2378 933 2684 1001 contrivit
2702 982 2720 1014 ,

1778 1040 1888 1123 qui
1931 1038 2285 1105 carnaliter
2330 1058 2473 1102 eam
2519 1037 2786 1102 occidit.

2217 1218 2583 1341 antiphona.
2883 1308 2892 1313 .
3139 1304 3145 1381 1

1775 1419 1851 1485 In
1895 1419 2110 1486 medio
2154 1424 2380 1506 templi

1777 1523 1957 1605 regis
2004 1526 2380 1608 sempiterni
2451 1520 2474 1531 “
2961 1529 3034 1591 50

1776 1626 2285 1696 misericordiam
2329 1629 2649 1713 suscepit,

1782 1748 1912 1812 qua
1945 1730 2201 1814 jugiter
2244 1733 2573 1815 gaudebit.

2163 1942 2648 2021 responsorium.

1781 2097 1962 2162 Misit
2003 2099 2298 2182 protinus
2345 2102 2615 2166 clientes
2843 2170 2850 2175 ,

1784 2200 1870 2265 ad
1913 2202 2334 2285 inquirendos
2381 2206 2525 2289 ejus
2568 2216 2927 2290 parentes,

1781 2311 1856 2368 ut
1899 2305 1955 2368 si
1999 2306 2206 2372 libera
2249 2312 2673 2391 probaretur,
2955 2314 3028 2374 55

1781 2406 1849 2470 in
1895 2407 2270 2492 conjugium
2315 2411 2440 2477 sibi
2483 2413 2934 2495 copularetur.

2280 2617 2518 2667 versu-5.

1779 2757 1918 2825 Sed
1962 2762 2134 2830 hanc
2175 2766 2286 2847 qui
2331 2766 2879 2853 desponsaverat,

1778 2882 1911 2928 non
1954 2865 2046 2930 ita
2090 2866 2386 2935 Christus
2423 2872 3017 2957 praeordinaverat.

2160 3057 2645 3141 responsorium.

1780 3213 1944 3281 Cum
1989 3225 2302 3302 tyrannus
2346 3224 2700 3305 intellexit,

1781 3318 1955 3401 quod
2002 3341 2145 3385 eum
2191 3322 2383 3406 virgo
2424 3323 2756 3409 despexit,
2975 3333 3050 3396 60

1773 3420 1972 3505 jussit
2016 3425 2290 3489 eandem
2333 3428 2541 3493 iratus

1782 3525 1914 3589 suis
1958 3531 2348 3610 praesentari
2392 3532 2873 3616 tribunalibus,

2285 3737 2520 3786 versu-5.

1785 3876 1986 3955 Quam
2033 3883 2327 3963 speravit
2370 3885 2734 3966 puellarum
2783 3906 2985 3953 more

1782 3978 1968 4043 minis
2013 3981 2253 4049 inflecti
2299 3985 2643 4069 subjuncto
2688 3996 2992 4055 terrore.

2154 4189 2639 4267 responsorium.
3143 4108 3144 4189 W

1781 4341 1991 4425 Virgo
2038 4344 2456 4429 veneranda,
2963 4352 3041 4413 65

1780 4445 1846 4509 in
1891 4467 2127 4530 magna
2172 4459 2478 4516 constans
2510 4456 2928 4538 constantia,

1781 4552 1988 4614 verba
2034 4557 2419 4638 contempsit
2453 4555 2725 4639 judicis,

1779 4650 1872 4714 nil
1914 4652 2209 4734 cogitans
2256 4655 2345 4720 de
2381 4657 2660 4731 lubricis.
