3175 5234
360 284 492 350 118

537 476 635 533 Hs.
685 493 753 530 zu
792 476 1085 546 Stuttgart
1131 475 1295 529 Brev.
1336 475 1454 527 101.
1505 470 1544 527 f.
1585 473 1673 525 50.
1732 473 1796 525 15
1835 472 2034 527 Jahrb.
2085 474 2212 542 (A).
2286 474 2389 528 Bei
2442 473 2672 530 Thomas.
2708 478 2813 531 355
2864 479 3000 548 (Β).

359 563 467 621 Bei
503 565 662 620 Bebel
691 562 731 618 f.
765 567 801 617 2
839 564 962 632 (G).
1033 561 1135 617 Bei
1173 562 1489 616 Cticletoveus
1524 556 1563 613 f.
1601 561 1671 611 21
1712 558 1836 628 (D).

538 708 572 760 2
614 718 822 773 corpus
860 701 928 756 de
963 705 1142 755 matre
1180 698 1288 754 Ac.
1367 699 1431 750 15
1466 697 1635 752 Jesus
1677 692 1822 751 fehlt
1858 698 1923 751 A.
1998 699 2066 751 16
2102 703 2281 753 sumet
2317 700 2383 753 A.
2457 701 2525 752 21
2566 700 2786 771 accepit
2825 702 2996 771 BCD,

360 789 458 848 fur
494 792 597 847 den
635 791 778 845 Vers
815 789 1041 855 besser,
1079 786 1218 841 aber
1252 800 1359 838 vor
1395 782 1505 837 und
1544 782 1690 837 nach
1729 783 1883 838 steht
1918 784 2020 838 das
2058 785 2321 839 Prasens.
2393 787 2464 840 32
2501 784 2837 842 famulemur
2874 789 2997 843 BD.

1098 1140 1268 1211 709.
1343 1135 1704 1209 Johannis
1758 1135 2226 1234 evangelistae.

370 1382 654 1446 Verbum
701 1378 836 1459 dei,
886 1376 1011 1439 deo
1057 1383 1303 1455 natum,

372 1483 545 1566 quod
590 1501 710 1546 nec
754 1481 1023 1560 factum,
1068 1497 1190 1541 nec
1236 1481 1516 1541 creatum

455 1585 632 1649 venit
679 1582 760 1645 de
808 1583 1213 1660 coelestibuS,

364 1688 494 1754 hoc
538 1685 725 1765 vidit,
772 1686 897 1748 hoc
942 1682 1342 1760 attrectavit,

367 1793 496 1856 hoc
540 1788 621 1852 de
669 1788 835 1853 coelo
883 1787 1200 1849 reseravit
1580 1789 1618 1847 5

456 1894 794 1959 Johannes
835 1891 1210 1955 hominibus.

366 2101 543 2169 Inter
587 2103 734 2165 illos
778 2101 1136 2184 primitivos

363 2226 562 2271 veros
607 2206 746 2269 veri
792 2204 986 2268 fontis
1032 2204 1210 2266 rivos

455 2310 793 2373 Johannes
849 2309 1083 2386 exiliit,

366 2413 487 2478 toti
531 2411 767 2475 mundo
813 2410 1164 2491 propinare
1541 2406 1620 2466 10

366 2521 597 2578 nectar
643 2512 799 2576 illud
848 2511 1169 2589 salutare,

454 2615 627 2698 quod
674 2622 738 2679 te
787 2615 1019 2677 throno
1065 2611 1323 2696 prodiit.

364 2819 617 2884 Coelum
663 2819 922 2900 transit,
969 2818 1108 2880 veri
1155 2825 1362 2880 rotam

364 2924 523 2988 solis
569 2923 749 2986 videt
794 2922 916 3002 ibi,
965 2928 1160 2983 totam

451 3026 681 3089 mentis
727 3024 939 3108 figens
986 3026 1219 3089 aciem:
1541 3025 1619 3085 15

362 3130 740 3213 speculator
778 3129 1084 3212 spiritalis

362 3234 551 3316 quasi
600 3233 924 3315 seraphim
972 3235 1089 3296 sub
1139 3232 1256 3295 alis

452 3335 557 3401 dei
601 3337 780 3402 videt
825 3337 1071 3401 faciem.

366 3536 595 3603 Audiit
641 3539 706 3602 in
751 3555 922 3618 gyro
969 3536 1170 3615 sedis,

363 3638 519 3720 quid
566 3638 850 3720 psallant
894 3657 1038 3701 cum
1085 3635 1458 3700 citharoedis
1533 3639 1617 3701 20

452 3747 683 3821 quater
728 3740 867 3802 seni
912 3757 1240 3821 proceres,

360 3840 445 3906 de
492 3841 709 3924 sigillo
741 3842 1090 3922 trinitatis,

359 3954 606 4011 nostrae
652 3963 842 4009 numo
888 3947 1167 4010 civitatis

450 4049 775 4133 impressit
821 4049 1254 4115 characteres

364 4255 492 4322 [ste
538 4269 754 4324 custos
801 4262 1072 4344 virginis
1531 4264 1614 4324 25

360 4379 666 4426 arcanum
711 4365 977 4446 originis

358 4458 599 4527 divinae
645 4469 1049 4550 mysterium,

357 4567 650 4631 scribens
697 4573 1132 4654 evangelium,

446 4670 683 4729 mundo
732 4671 1135 4755 designavit3

1726 1374 1873 1438 coeli
1918 1393 2060 1439 cum
2108 1376 2461 1439 sacrarium
2904 1380 2996 1441 30

1727 1477 2024 1541 Christus
2070 1497 2251 1542 suum
2296 1479 2499 1543 lilium

1725 1579 1860 1644 filio
1906 1581 2168 1644 tonitrui

1727 1686 1845 1747 sub
1894 1685 2130 1747 amoris
2178 1684 2375 1747 mutui

1813 1806 1978 1869 pace
2027 1785 2512 1851 commendavit.

1728 1991 1957 2054 Haurit
2004 1990 2182 2053 virus
2228 1990 2334 2052 hic
2379 1989 2652 2070 lethale,
2900 1992 2991 2053 35

1729 2094 1838 2157 ubi
1883 2111 2120 2175 corpus
2165 2092 2486 2174 virginale

1814 2197 2019 2259 virtus
2065 2203 2287 2258 servat
2334 2194 2514 2258 fidei:

1728 2322 1925 2385 poena
1970 2311 2216 2384 stupet,
2259 2301 2432 2382 quod
2480 2303 2542 2363 in
2587 2320 2782 2385 poena

1731 2407 1814 2468 sit
1858 2404 2191 2467 Johannes
2236 2406 2373 2466 sine
2418 2423 2611 2486 poena

1817 2506 2141 2571 bullientis
2187 2507 2333 2570 olei.
2904 2508 2993 2570 40

1732 2714 1853 2777 Hic
1898 2714 2145 2777 naturis
2189 2713 2492 2795 imperat,

1730 2823 1802 2879 ut
1850 2822 1916 2877 et
1960 2834 2119 2877 saxa
2167 2814 2516 2876 transferat

1818 2917 1878 2978 in
1928 2915 2129 2978 decus
2173 2934 2610 2996 gemmarum3

1732 3036 1859 3100 quo
1895 3019 2168 3100 jubente
2216 3018 2446 3099 riguit,

1731 3140 1953 3184 aurum
2001 3121 2244 3184 fulvum
2291 3119 2494 3183 induit
2903 3125 2991 3185 45

1815 3224 2072 3306 virgula
2119 3224 2443 3286 silvarum.

1729 3435 1850 3498 Hic
1895 3434 2208 3497 infernum
2257 3441 2536 3513 reserat,

1727 3537 1916 3601 morti
1948 3537 2167 3620 jubet,
2219 3536 2491 3616 referat,

1815 3658 1976 3722 quos
2020 3661 2340 3703 venenum
2386 3638 2648 3718 stravit3

1728 3744 2026 3823 obstruit,
2075 3741 2247 3823 quod
2292 3740 2527 3820 Ebion,
2901 3743 2990 3804 50

1728 3845 2072 3910 Cerinlhus
2120 3852 2185 3907 et
2229 3843 2525 3908 Marcion

1810 3948 2062 4033 perfide
2109 3948 2392 4013 latravit.

1723 4159 1922 4224 Volat
1962 4160 2102 4224 avis
2149 4161 2287 4224 sine
2331 4167 2542 4241 meta,

1724 4279 1851 4343 quo
1893 4280 2016 4326 nec
2060 4269 2248 4325 vates
2294 4279 2421 4324 nec
2464 4259 2792 4344 propheta

1811 4366 2097 4430 evolavit
2141 4367 2366 4446 altius3
2894 4367 2981 4426 55

1722 4476 1851 4531 tam
1897 4468 2222 4549 implenda
2269 4487 2460 4549 quam
2507 4468 2806 4551 impleta,

1721 4588 2041 4649 nunquam
2089 4568 2251 4631 vidit
2295 4577 2390 4633 tot
2434 4577 2693 4634 secreta

1808 4690 2007 4754 purus
2054 4672 2245 4736 homo
2285 4674 2527 4756 purius,
