3175 5234
414 236 504 305 60

590 419 624 470 2
662 415 844 484 hymn.
885 414 988 469 dic.
1029 415 1090 480 B,
1129 429 1393 469 canamus
1430 412 1491 483 C,
1530 414 1630 468 des
1667 414 1877 469 verses
1915 428 2142 483 wegen‚
2189 413 2328 469 aber
2363 429 2558 485 gegen
2601 416 2708 469 den
2745 412 2993 469 Gebraueh

415 504 518 558 der
554 501 707 558 alten
745 500 1189 569 Schriftsteller‚
1247 502 1336 557 die
1376 503 1482 557 den
1522 502 1783 555 Psalmen
1819 497 2046 571 fulgen,
2101 501 2215 554 wie
2251 517 2333 571 ps.
2368 502 2471 569 60,
2512 503 2565 555 9.
2627 502 2724 567 65,
2757 502 2807 553 2.
2855 501 2929 566 67,
2958 504 2995 554 5.

415 590 474 644 S.
511 589 614 644 No.
652 590 745 657 78,
788 592 834 643 1.
924 591 958 640 7
1013 589 1106 658 qui
1144 603 1329 658 spern.
1365 591 1432 645 A.
1534 591 1598 641 11
1652 588 1782 642 nob.
1820 604 1931 641 non
1968 585 2115 642 fehlt
2152 588 2227 655 Β,
2291 592 2421 642 tunc
2461 587 2636 645 nobis
2675 603 2800 655 11011,
2817 602 2921 656 sup.
2949 587 2995 642 G.

413 679 500 731 11.
522 681 587 731 12
624 679 821 730 waren
858 676 982 730 dem
1010 675 1182 730 Sinne
1219 677 1362 730 nach
1401 675 1714 730 deutlicher
1749 674 1905 729 also:
1946 679 2007 729 ut
2033 674 2198 729 nobis
2231 691 2341 729 non
2377 675 2732 745 proveniant
2765 672 3000 744 supplicia

411 769 478 819 ut
520 764 766 835 praemia.
840 763 1136 818 Praemium
1182 763 1284 825 hat
1327 762 1569 817 nfimlich
1617 761 1729 815 wie
1776 761 2033 816 meritum
2081 762 2206 815 eine
2244 761 2515 832 doppelte
2556 759 2906 830 Bedeutung,
2947 760 2999 830 je

411 851 684 906 nachdem
722 866 783 904 es
820 850 922 903 der
956 850 1112 903 Lohn
1148 844 1245 903 fiir
1280 850 1404 904 eine
1440 856 1575 921 gnte
1614 849 1754 905 oder
1791 849 1926 903 bose
1964 849 2110 903 'rhat
2145 850 2232 905 ist.
2271 850 2331 905 S.
2369 850 2474 905 No.
2514 851 2655 918 583,
2693 850 2780 902 41.
2811 844 2894 901 '12
2924 846 2999 900 sed

410 934 455 990 f.
492 943 553 992 ut
588 938 647 1007 C,
685 936 878 990 beides
916 935 1016 989 hat
1050 935 1224 993 Bebel
1254 935 1375 991 wol
1409 935 1590 991 selbst
1615 937 1672 991 in
1704 936 1808 990 den
1836 936 1979 990 Text
2006 941 2240 1006 gesetzt.
2307 939 2373 991 13
2409 938 2539 991 haec
2579 937 2641 991 C.
2709 939 2778 989 14
2794 934 2999 988 uuiceA.

413 1025 483 1077 16
519 1023 860 1094 sempiterna
896 1022 1106 1076 saecula
1143 1024 1220 1085 B,
1282 1023 1359 1080 ist
1393 1023 1533 1078 aber
1572 1039 1687 1079 von
1724 1024 1872 1077 alter
1905 1020 2065 1076 Hand
2102 1023 2392 1094 geiindert.

1133 1322 1312 1396 665.
1387 1323 1502 1394 De
1550 1321 1890 1420 apostolis
1942 1324 2326 1420 sequentia.

753 1524 956 1608 Cujus
1004 1526 1144 1588 laus
1193 1525 1541 1590 secundum
1588 1544 1852 1606 nomen,
1899 1526 2042 1608 ejus
2089 1533 2191 1589 est
2237 1532 2301 1589 et
2348 1525 2600 1607 gloria,

760 1638 826 1692 et
872 1629 935 1692 in
980 1628 1283 1692 universa
1336 1635 1547 1709 terra,
1596 1648 1724 1708 qna
1770 1646 1886 1691 sua
1922 1627 2174 1710 judicia

756 1765 935 1829 timet
979 1785 1132 1829 reus
1168 1764 1561 1849 judicandus
1611 1771 1777 1826 teste
1824 1762 2250 1845 conscientiA,

753 1876 927 1932 amat
960 1869 1177 1951 justus
1225 1869 1603 1933 liberandus
1650 1865 1795 1950 ejus
1842 1865 1985 1929 sola
2028 1865 2258 1947 gratia.

753 2055 914 2121 Haec
959 2064 1279 2140 tamquam
1327 2061 1605 2142 abyssus
1653 2061 1848 2123 multa
1897 2064 2046 2122 sunt
2090 2058 2569 2151 inscrutabilia,
2961 2053 2990 2111 5

752 2161 898 2227 haee
936 2161 1019 2226 de
1065 2161 1190 2226 deo
1234 2170 1423 2227 natus
1470 2162 1665 2245 dens,
1714 2161 1817 2226 dei
1864 2161 2209 2244 sapientia,

745 2317 867 2363 nos
914 2320 997 2362 ex
1044 2300 1178 2363 alto
1223 2300 1510 2364 visitavit
1557 2307 1624 2362 et
1670 2301 1848 2362 venit
1894 2301 1958 2363 in
2003 2299 2271 2382 propria

749 2401 961 2466 factus
1000 2401 1223 2482 homo,
1272 2403 1378 2482 qui
1423 2402 1716 2465 narravit
1760 2404 1947 2466 nobis
1992 2402 2138 2466 haec
2184 2411 2250 2466 et
2296 2402 2453 2483 alia,

753 2555 898 2617 qnae
944 2537 1232 2602 latebant
1275 2537 1339 2600 in
1386 2537 1616 2620 figuris
1662 2540 1918 2603 occulta
1963 2541 2289 2623 mysteria.

753 2640 949 2702 stulta
995 2657 1249 2721 quoque
1293 2640 1505 2703 mundi
1552 2640 1713 2704 deus
1759 2650 1827 2705 et
1872 2642 2375 2726 contemptibilia
2922 2628 2984 2690 1⁰

754 2776 1119 2840 sublimavit
1164 2776 1510 2858 dignitate,
1556 2778 1857 2860 praefecit
1902 2778 2226 2862 potentin,

752 2879 861 2959 qui
904 2880 1141 2960 ubique
1184 2878 1624 2962 praedicarent
1670 2881 1814 2963 ejus
1861 2883 2244 2946 testimonia.

748 3065 833 3130 Hi
876 3076 1023 3131 sunt
1069 3068 1215 3132 coeli
1262 3069 1666 3134 continentes
1713 3078 1971 3134 secreta
2012 3070 2357 3153 mysteria,

749 3169 815 3232 hi
860 3164 1008 3235 sunt
1053 3173 1289 3249 nubeS,
1336 3171 1508 3235 unde
1554 3181 1775 3236 manat
1820 3171 2258 3237 doctrinarum
2301 3175 2553 3257 pluvia,

750 3315 819 3378 hi
863 3326 1010 3380 sunt
1055 3318 1275 3399 templi
1321 3318 1770 3399 fundamenta,
1817 3327 1967 3382 sunt
2014 3326 2255 3402 portae,
2299 3327 2449 3383 sunt
2494 3319 2681 3401 atria,
2914 3302 2976 3366 15

745 3427 893 3482 sunt
936 3422 1137 3483 bases·
1176 3427 1371 3500 atque
1416 3421 1766 3500 columnae,
1814 3423 2042 3501 quibus
2090 3429 2220 3484 stat
2265 3423 2558 3485 ecclesia.

743 3602 909 3668 Sunt
952 3605 1065 3668 lux
1110 3605 1352 3688 mundi,
1399 3610 1640 3691 verbo,
1687 3612 1824 3673 vita
1866 3610 2263 3675 illustrantes
2303 3614 2546 3695 omnia,

743 3719 892 3773 sunt
935 3710 1034 3773 sal
1070 3716 1265 3775 terrae
1310 3712 1690 3778 condientes
1736 3735 1982 3779 morum
2028 3716 2480 3801 temperantia,

745 3855 893 3910 sunt
934 3855 1235 3928 pastores
1279 3849 1669 3932 populorum
1715 3860 2055 3916 servantes
2102 3854 2332 3935 ovilia,

747 3957 897 4014 sunt
940 3949 1244 4014 doctores
1291 3952 1694 4017 subditorum
1740 3965 2121 4019 exercentes
2166 3957 2396 4021 studia.
2904 3939 2970 4003 2⁰

737 4126 981 4208 Horum
1028 4162 1191 4225 ergo
1237 4122 1602 4225 flagitemus
1648 4162 1872 4209 omnes
1915 4145 2308 4228 patrocinia,

741 4252 814 4311 ut
859 4267 1001 4312 cum
1046 4248 1207 4341 ipsis
1252 4244 1607 4330 gloriemur
1650 4250 1717 4311 in
1761 4248 2013 4312 coelesti
2056 4251 2284 4331 patria.
2352 4270 2556 4313 amen.

571 4431 668 4485 Es.
717 4447 784 4484 zu
821 4431 1344 4505 Donaueschingen‚
1383 4436 1454 4488 14
1488 4434 1686 4489 Jahrb.
1724 4435 1826 4488 mit
1852 4434 2221 4490 Musiknoten.
2291 4436 2406 4489 Das
2444 4450 2628 4506 ganzo
2665 4433 2798 4488 Lied
2831 4418 2969 4481 reiffl‘

390 4531 496 4570 nur
545 4515 602 4569 in
640 4516 763 4569 dem
818 4516 1134 4573 Selbstlaut
1180 4538 1242 4589 3,
1306 4521 1417 4574 wie
1468 4525 1637 4574 unten
1686 4521 1774 4574 ein
1825 4520 2064 4574 anderes
2099 4518 2206 4602 auf
2234 4521 2324 4575 die
2362 4523 2414 4575 11.
2451 4521 2692 4594 Brigita.
2761 4518 2832 4573 Es
2864 4505 2966 4580 ἐϋ(

386 4601 644 4658 mehrere
683 4602 1044 4671 Sequenzen‚
1079 4604 1167 4657 die
1205 4622 1310 4659 nur
1350 4604 1457 4661 auf
1484 4624 1519 4661 a
1555 4606 1781 4661 reimen.
1837 4606 1891 4661 S.
1929 4605 2033 4661 No.
2068 4608 2190 4661 667.
2254 4609 2450 4664 Daniel
2477 4612 2529 4678 2,
2568 4612 2688 4663 175.
2722 4611 2771 4661 4.
