3175 5234
152 501 368 585 Ergo,
413 479 581 567 mitis
630 521 671 568 o
714 512 1018 589 patrone,

148 609 384 673 mentis
428 611 661 674 nubem
704 610 831 674 tuis
872 628 1082 694 prone

242 710 445 775 titulis
488 711 758 795 irradia,
1305 715 1390 778 45

1496 524 1698 589 prece
1743 506 1855 590 pia
1898 526 2056 592 nos,
2103 507 2390 594 Severe,

1498 610 1624 676 deo
1671 614 1983 697 transfer,
2032 616 2141 697 qui
2187 634 2263 681 se
2306 635 2466 682 vere

1582 714 1717 777 suis
1762 714 1876 779 dat
1917 716 1985 779 in
2028 712 2262 798 gioria.

320 891 416 969 ils.
456 908 526 947 zu
561 892 811 949 Goblenz
848 896 996 951 ohne
1032 896 1298 951 Nummer
1330 897 1388 952 in
1424 897 1610 968 Folio,
1648 901 1717 954 14
1753 899 1956 957 Jahrb.
1991 900 2093 957 mit
2129 901 2233 956 der
2266 898 2526 957 Melodie.

316 1010 432 1069 Das
466 1013 605 1070 Lied
652 1015 730 1070 ist
774 1015 1222 1074 in‘Stabreimen
1263 1018 1663 1091 geschrieben,
1728 1019 1966 1077 worsuf
1991 1021 2091 1076 der
2126 1021 2358 1077 Dichter
2393 1019 2572 1076 durch
2605 1017 2755 1073 wic—

138 1098 400 1156 derholte
436 1101 797 1173 Wortspiele
833 1104 1135 1161 hindeutet.
1185 1106 1283 1163 ,Ειι
1332 1106 1542 1178 gehort
1585 1107 1855 1163 ‹lemnach
1889 1108 1947 1163 in
1983 1108 2107 1164 eine
2149 1094 2383 1164 friiliere
2419 1107 2581 1175 zeit,
2630 1120 2757 1160 we-

138 1187 399 1269 nigstens·
430 1188 486 1242 in
526 1188 628 1243 das
667 1192 734 1243 12
768 1191 966 1246 Jahrh,

319 1310 388 1364 16
423 1310 563 1369 iiber
599 1313 692 1368 hic
725 1314 881 1370 steht
914 1330 1030 1369 von
1071 1316 1331 1385 apaten-er
1363 1315 1525 1371 Hand
1559 1312 1640 1370 fit.
1712 1316 1780 1370 18
1818 1316 1960 1371 iiber
1992 1313 2060 1372 fit
2093 1318 2247 1373 steht
2281 1317 2356 1385 in.
2425 1316 2498 1371 38
2526 1314 2672 1388 jus?

316 1431 383 1485 V.
425 1434 672 1487 10—12.
721 1436 783 1488 D.
820 1434 872 1488 h.
921 1451 1087 1491 wenn
1131 1452 1259 1490 man
1294 1435 1565 1491 Severum
1616 1437 1673 1490 in
1722 1435 1811 1491 die
1862 1437 2007 1491 zwei
2040 1438 2250 1493 Worte
2287 1453 2349 1492 se
2385 1452 2580 1491 verum
2615 1433 2744 1490 scil.

135 1533 370 1573 servum
407 1519 495 1575 dei
532 1525 754 1591 trennt,
793 1539 861 1577 so
901 1522 1227 1579 bezeichnet
1259 1540 1322 1578 es
1358 1524 1519 1579 einen
1556 1521 1829 1579 srommen
1864 1524 2047 1593 Manu,
2083 1525 2224 1579 aber
2258 1523 2348 1579 die
2384 1521 2742 1593 mittelsylbe

137 1606 549 1678 (antiphrasis)
595 1625 657 1664 er
705 1608 842 1667 darf
880 1611 1036 1666 nicht
1081 1611 1621 1684 herausgenommen
1654 1612 1910 1683 werden,
1972 1619 2135 1669 sonst
2171 1613 2356 1668 lautet
2390 1612 2492 1667 der
2526 1609 2747 1664 Numen

134 1709 336 1764 sevus,
374 1695 426 1750 d.
463 1695 500 1749 i.
538 1712 740 1753 saevus.

313 1849 451 1906 Eine
488 1852 582 1906 Hs.
619 1851 717 1906 des
753 1851 1170 1908 vocabularium
1203 1852 1287 1909 Ex
1322 1868 1435 1923 quo
1489 1870 1558 1907 zu
1594 1851 1775 1907 Hainz
1822 1866 1926 1906 uus
1962 1851 2087 1906 dem
2123 1854 2192 1906 15
2232 1852 2432 1908 Jahrb,
2454 1890 2469 1918 ,
2538 1850 2631 1905 die
2665 1862 2743 1904 an

133 1935 244 1991 der
277 1937 642 1994 Niedermaas
680 1940 1048 2010 geschrieben
1085 1940 1188 2008 ist,
1243 1940 1343 1994 hat
1376 1938 1469 1995 bei
1503 1940 1627 1995 dem
1662 1939 1873 1994 Worte
1909 1953 2133 2006 naevus,
2182 1937 2267 1993 Bl.
2305 1939 2424 1993 146.
2463 1935 2740 2008 fulgendo

129 2023 521 2099 Bemerkung:
575 2030 637 2082 ιιι
690 2028 748 2081 in
796 2043 1006 2099 ympno
1055 2025 1125 2080 de
1173 2043 1216 2082 s.
1265 2027 1515 2095 Severo,
1572 2066 1602 2096 ‚,
1622 2030 1685 2080 ut
1718 2025 1958 2081 vitemus
1994 2040 2212 2080 naevum
2228 2027 2277 2078 “.
2348 2024 2517 2079 Diese
2553 2021 2741 2081 stoue

126 2109 349 2165 kommt
383 2111 439 2165 in
477 2113 699 2184 obigem
734 2113 902 2168 Liede
939 2113 1093 2169 nicht
1127 2129 1246 2184 vor,
1283 2113 1543 2185 dagegen
1577 2112 1731 2168 steht
1765 2112 1847 2167 sie
1886 2111 1944 2166 in
1981 2111 2104 2165 dem
2132 2111 2381 2182 Hymnus
2419 2107 2526 2165 anf
2545 2108 2739 2163 diesen

127 2196 425 2269 Heiligen,
487 2200 744 2255 welchen
781 2200 881 2254 das
916 2201 1169 2255 Breviar.
1207 2201 1460 2272 Mogunt.
1493 2216 1618 2256 zum
1651 2202 1722 2254 22
1759 2199 1905 2276 0th
1925 2198 2173 2267 enthfflt,
2241 2198 2344 2253 der
2380 2199 2414 2251 5
2450 2195 2742 2267 Strophen

124 2278 237 2343 hat
269 2287 380 2342 und
417 2304 484 2342 so
520 2285 786 2358 anfiingt:

350 2394 461 2449 iste
498 2393 797 2447 confessor

416 2481 581 2536 nobis
618 2480 962 2535 intercessor

346 2568 568 2624 coelitus
605 2566 794 2637 (latus,
841 2556 858 2573 ⁸

415 2648 675 2714 columba=
706 2658 1050 2713 monstratus
1069 2697 1083 2726 ,

1693 2388 1776 2444 sic
1812 2391 1901 2442 est
1935 2391 2192 2468 sacratus

1768 2474 1983 2546 praesul
2017 2474 2109 2529 hic
2143 2475 2345 2531 beatus
2366 2516 2381 2544 ,

1858 2566 2089 2617 sanctus
2125 2561 2389 2619 Severus.

1009 2963 1229 3039 1153.
1292 2962 1409 3035 De
1463 2987 1516 3033 s.
1571 2960 1864 3034 Severo.

125 3168 395 3236 Summe
442 3169 610 3234 bone
657 3177 723 3233 et
765 3169 1018 3252 suavis,

124 3275 241 3358 qui
283 3273 544 3337 Petrum
589 3273 672 3337 de
715 3290 897 3339 remo
940 3271 1127 3335 navis

122 3377 412 3456 vocasti,
458 3383 527 3440 ιιι
572 3383 749 3440 esset
794 3375 979 3439 navis

215 3485 438 3541 rector
481 3485 725 3565 sanctae
771 3476 960 3557 fidei,

119 3642 552 3711 Publicanum
593 3650 662 3705 tn
708 3639 994 3722 traxisti,
1337 3639 1376 3698 5

118 3744 465 3832 peccatori
510 3761 692 3825 spem
736 3741 969 3806 dedisti
1258 3732 1262 3737 ’

123 3857 196 3913 et
241 3848 392 3912 huic
436 3845 608 3909 hunc
649 3845 1002 3929 praefecisti

214 3950 431 4014 lumen
478 3945 820 4027 evangelii.

124 4113 231 4179 Tu
276 4111 358 4177 de
403 4111 555 4175 lana
598 4108 1007 4189 transtulisti,

124 4235 324 4301 quem
371 4214 455 4280 ad
497 4215 712 4278 lanam
758 4208 1195 4295 assumpsisti,
1295 4209 1376 4275 10

124 4322 305 4386 hunc
349 4318 647 4384 columba
690 4316 1031 4382 ostendisti

217 4422 567 4506 praesulem
612 4438 758 4485 cnm
800 4420 1032 4502 gloria.

123 4584 334 4672 Cujus
379 4606 612 4653 nomen
660 4594 760 4652 est
805 4584 1124 4670 Severus,

127 4690 316 4772 quod
359 4699 461 4757 est
503 4692 794 4775 signum,
841 4689 1018 4774 quod
1060 4706 1329 4755 severus

1484 3165 1682 3230 debet
1726 3180 1871 3227 esse
1912 3160 2157 3247 praesul
2201 3178 2402 3223 verus
2647 3154 2735 3220 15

1571 3274 1803 3359 cuncta
1845 3282 2161 3348 spernens
2206 3261 2396 3361 levia.

1482 3433 1651 3498 Huic
1696 3450 1862 3496 uxor
1905 3430 2268 3510 maritatur,
2343 3443 2347 3449 ’
2386 3475 2391 3478 .

1482 3532 1793 3598 fortitudo
1838 3530 1895 3596 si
1929 3531 2274 3616 jungatur,

1485 3644 1559 3701 ut
1597 3642 1875 3720 peccato
1921 3632 2290 3713 resistatur,

1451 3804 1456 3810 ,
1569 3736 1825 3801 nomine
1867 3734 2222 3800 Vincentia.
2641 3728 2730 3793 20

1480 3896 1651 3965 Filia
1676 3896 2068 3964 'Innocentia

1480 4021 1605 4087 pro
1650 4002 1834 4066 salva
1880 3990 2278 4063 conscientia
2292 4042 2310 4078 ,

1437 4102 1444 4109 ’
1480 4108 1552 4172 ιιι
1599 4104 1833 4171 cedant
1876 4101 2106 4164 mentis
2153 4098 2346 4178 vitia,

1568 4214 1671 4273 est
1719 4204 1994 4290 praelato
2039 4201 2324 4287 propria.

1479 4371 1663 4437 Bone
1707 4369 1907 4451 Jesu,
1951 4367 2016 4429 in
2061 4362 2315 4441 Severo
2639 4360 2733 4423 25

1481 4487 1554 4542 ut
1598 4472 1905 4541 ostendas
1948 4488 2234 4535 normam
2282 4466 2487 4547 clero,

1480 4589 1551 4646 ut
1596 4579 1911 4663 probatur
1956 4575 2142 4656 signo
2186 4587 2348 4636 vero

1566 4699 1771 4749 uxore
1817 4686 1881 4745 et
1927 4678 2079 4743 filia.
