3175 5234
327 440 548 524 Felix,
595 459 717 525 per
753 459 945 523 quem
988 440 1231 523 gaudia

327 551 467 608 tota
502 543 644 627 jam
688 545 969 610 eeclesia

328 663 588 710 sumens
634 646 971 711 exaltatur.

275 914 284 922 .
330 829 567 896 orbem
611 830 825 914 replet
863 831 1135 926 semine,

327 932 392 996 in
439 931 746 996 ooelorum
792 933 1048 1015 agmine
1496 933 1577 997 35

327 1034 589 1099 tandem
634 1035 1006 1102 collocatur.

327 1222 522 1289 Jaoet
561 1243 844 1306 granum·
881 1223 1304 1306 occultatum,

285 1347 290 1350 ·
329 1325 508 1391 sidus
549 1327 712 1391 latet
756 1329 1232 1410 obumbratum,

330 1426 448 1490 sed
492 1426 850 1512 plasmator
894 1429 1171 1492 omnium

331 1613 496 1679 Ossa
540 1613 792 1699 Joseph
836 1614 1189 1698 pullulare,
1497 1615 1581 1681 40

329 1717 508 1782 sidus
543 1717 736 1801 jubet
776 1716 1036 1783 radiare

331 1822 397 1885 in
442 1821 713 1887 salutem
757 1823 1059 1905 gentium.

332 2009 387 2075 Ο
432 2031 622 2101 quam
666 2013 903 2096 probat
948 2014 1164 2077 earnis
1206 2012 1459 2096 floren,

330 2130 584 2178 omnem
627 2133 943 2198 superans
988 2114 1260 2182 odorem

332 2217 554 2310 tumuli
597 2217 987 2301 fragrantia!
1493 2218 1578 2305 45

1686 437 1901 522 Aegri
1943 447 2214 508 oin-runt
2250 446 2327 508 et
2364 449 2702 525 otu-antur,

1688 543 1846 608 oaeoi
1862 590 1880 625 ,
1927 543 2141 609 claudi
2184 551 2576 629 reparantur

1676 645 1994 709 virtutum
2036 644 2420 728 frequentia.

1687 827 1950 894 Laudes
2000 848 2163 915 ergo
2208 829 2543 898 Dominioo

1687 952 2110 1017 personemus
2165 934 2435 1001 mirifico
2798 964 2811 972 ·
2864 938 2957 1001 50

1688 1053 1856 1100 voce
1900 1036 2113 1122 plena.

1691 1221 1915 1288 Clama
1959 1231 2189 1307 petens
2235 1224 2548 1308 suffragia

1691 1327 1833 1411 ejus
1879 1344 2157 1409 sequens
2202 1326 2483 1410 vestigia
2506 1375 2523 1409 ‚

1687 1429 1878 1514 plebs
1923 1449 2151 1511 egena.

1689 1618 1830 1685 Sed
1873 1628 1973 1701 tu,
2017 1627 2209 1705 pater
2252 1621 2391 1702 pie,
2435 1622 2605 1686 bone
2780 1588 2784 1592 ἢ
2862 1621 2951 1682 55

1683 1729 1912 1808 pastor
1952 1723 2177 1806 gregis
2223 1732 2290 1785 et
2325 1731 2629 1806 patrone,

1681 1844 1884 1910 prece
1927 1843 2187 1909 semper
2232 1824 2459 1889 sedula

1683 2010 1886 2098 Apud
1933 2033 2155 2079 curam
2200 2014 2427 2092 summi
2469 2013 2650 2098 regis

1687 2116 1983 2182 derelicti
2027 2119 2206 2182 vices
2249 2116 2479 2199 gregis

1687 2220 2066 2287 commenda
2109 2242 2232 2305 per
2277 2221 2540 2286 saeoula.
2859 2220 2949 2284 60

495 2400 604 2455 Hs.
641 2416 756 2456 von
790 2399 850 2455 S.
885 2401 1056 2456 Peter
1093 2418 1162 2455 zu
1198 2401 1485 2474 salzburg
1517 2402 1638 2459 vn.
1670 2404 1758 2458 20.
1793 2404 1894 2459 des
1932 2406 2001 2458 14
2035 2403 2236 2460 Jahrb.
2274 2402 2376 2458 mit
2410 2401 2513 2456 der
2547 2400 2807 2457 Helodie.

509 2524 538 2575 1
579 2523 878 2594 ierarchia,
914 2525 1011 2580 Hs.
1047 2525 1383 2598 viersylbig.
1452 2528 1489 2580 2
1525 2541 1740 2582 armon.
1768 2528 1864 2583 Hs.
1937 2529 2004 2582 15
2040 2508 2518 2599 praemonstravit,
2557 2525 2655 2582 Rs.
2727 2527 2799 2580 36
2826 2524 2952 2582 col-

336 2611 583 2679 locavit,
620 2610 716 2666 Hs.
799 2614 872 2666 39
907 2612 1249 2681 plasmorum
1267 2653 1282 2682 ,
1318 2613 1414 2668 Hs.
1484 2614 1556 2668 40
1591 2612 1911 2685 pullatam,
1948 2614 2041 2669 Hs.
2113 2616 2182 2669 45
2220 2609 2384 2686 flagr.
2422 2611 2519 2668 Hs.
2572 2611 2643 2667 58
2680 2613 2950 2670 thronum

332 2693 371 2751 f.
411 2712 526 2751 our.
562 2698 722 2753 wire
760 2698 974 2753 besser.

937 3034 1113 3108 892.
1151 3033 1298 3112 *ne
1349 3059 1404 3106 s.
1431 2971 1845 3109 bombico.
1897 3033 2316 3134 antiphonae.

730 3266 816 3334 ad
864 3280 1180 3349 vesperas.

305 3400 566 3466 >Gaude
606 3397 765 3463 felix
808 3418 1050 3483 parens
1096 3398 1440 3490 Hispania,

329 3523 521 3570 novoe
565 3503 770 3588 prolis
812 3502 975 3568 dans
1019 3500 1256 3566 mundo
1293 3500 1558 3584 gaudia,

332 3606 452 3672 sed
499 3616 570 3671 tu
612 3606 820 3689 magis
864 3604 1105 3690 plaude
1151 3603 1467 3688 Bononia,

333 3709 494 3773 tanti
534 3708 742 3791 patris
786 3706 1010 3772 dotata
1049 3707 1265 3789 gloria
1283 3753 1300 3787 ‚

331 3827 522 3875 novae
565 3808 776 3874 laudis
819 3821 1024 3890 agens
1068 3807 1466 3892 sollempnia.
1529 3811 1583 3873 -5

718 3972 1202 4053 responsorium.

332 4108 619 4175 Granum
663 4125 1006 4173 excussum
1045 4106 1270 4191 palea,

330 4233 505 4278 nexu
547 4211 761 4277 soluto
801 4210 1011 4292 luteo,

334 4314 417 4379 de
461 4314 866 4399 paupertatis
910 4333 1066 4380 area

333 4417 482 4482 ooeli
524 4416 778 4482 locatur
819 4417 1079 4499 horreo,

333 4537 476 4587 oum
521 4519 823 4585 meroede
868 4520 1166 4602 virginea
1467 4525 1584 4591 ,1⁰

331 4621 671 4692 doctorum
713 4621 974 4704 fulgens
1017 4640 1244 4692 cuneo.

1966 3221 2053 3331 nd
2092 3264 2478 3347 maynificat,
2536 3272 2665 3333 ant.

1694 3400 1952 3466 Transit
1992 3421 2246 3488 pauper
2291 3403 2376 3469 ad
2420 3406 2610 3488 regni
2655 3404 2886 3470 solium

1692 3501 1827 3568 dux
1870 3504 1957 3569 ad
2000 3513 2347 3591 sceptrum,
2387 3510 2601 3578 victor
2646 3507 2731 3574 ad
2767 3528 2949 3592 prae-

2417 3609 2644 3692 mium,

1692 3723 1867 3772 mors
1910 3708 1974 3771 in
2020 3711 2252 3792 vitam,
2276 3712 2485 3776 'labor
2527 3712 2594 3775 in
2641 3711 2871 3794 udum,

1690 3827 1985 3892 praesens
2067 3811 2243 3877 cedit
2325 3813 2537 3878 luotns
2626 3814 2691 3877 in
2776 3834 2948 3897 gan-

2422 3917 2613 3981 dium.
2862 3921 2893 3980 1
2906 3921 2949 3982 5

2100 4130 2196 4196 ad
2234 4133 2523 4214 primam.

1691 4311 1907 4380 Adest
1950 4314 2092 4379 dies
2134 4318 2380 4383 laetitiae
2396 4366 2415 4400 ‚

1693 4435 1820 4501 quo
1865 4420 2095 4485 beatus
2137 4417 2511 4492 Dominicns

1690 4521 1901 4587 aulam
1947 4525 2234 4591 ooelestis
2280 4527 2480 4594 ouriae

1688 4624 1933 4713 hospes
1975 4629 2173 4695 intrat
2216 4628 2618 4714 magnificus.
