3175 5234
444 304 579 373 ⁸⁰2

1133 704 1354 779 1040.
1430 703 1549 776 De
1601 730 1660 776 s.
1705 703 2004 804 Magno.
2079 703 2399 805 hymnus.

446 927 706 1012 Pangat
747 934 957 991 mater
1001 924 1283 990 ecclesia
1690 935 1696 941 ’
1806 934 1996 992 utens
2040 925 2108 989 in
2151 924 2505 991 ministerio
2991 934 3050 996 15

452 1031 681 1096 summi
723 1030 903 1113 regis
948 1017 1282 1113 praeconia
1301 1075 1319 1112 ,
1807 1029 2191 1113 angelorum
2240 1033 2592 1097 consortio.

449 1152 689 1216 magna
732 1131 840 1195 dei
883 1130 1239 1213 magnalia,

445 1255 686 1319 magna
728 1235 955 1319 Magni
1001 1234 1333 1299 solemnia.
1806 1216 1966 1282 Post
2011 1219 2096 1283 ab
2143 1218 2626 1301 apparitoribus

936 1346 945 1351 ⁹
1807 1326 2023 1385 tentus
2068 1328 2137 1385 et
2181 1320 2593 1387 carnificibus

448 1423 573 1490 Hic
615 1424 826 1507 primo
866 1428 1096 1506 pastor
1139 1420 1385 1503 ovium,
1660 1422 1701 1484 5
1806 1421 1932 1506 piis
1977 1421 2263 1506 profusis
2307 1424 2616 1505 precibus

448 1528 660 1591 forma
704 1525 914 1588 factus
960 1523 1324 1605 humilium,
1797 1523 2099 1607 jungitur
2143 1526 2293 1589 coeli
2338 1526 2606 1592 civibus.
2985 1534 3051 1597 2⁰

449 1627 834 1695 conscendit
877 1627 1049 1691 votis
1096 1627 1377 1692 omnium

447 1732 783 1817 pastorale
826 1731 1173 1814 fastigium.
1804 1712 1988 1795 Ergo
2033 1720 2286 1797 martyr
2333 1716 2641 1798 egregie,

1804 1815 1919 1879 lux
1963 1821 2030 1878 et
2077 1813 2277 1903 decus
2325 1817 2661 1900 ecclesiae,

445 1921 632 2006 Vita,
681 1923 979 1989 doctrina
1025 1922 1387 2008 splenduit,
1804 1924 1935 1983 tuae
1979 1918 2369 2002 plaudentes
2415 1920 2654 2003 gloriae

445 2025 718 2109 insignis
762 2027 967 2110 signis
1005 2027 1267 2108 claruit,
1619 2025 1699 2089 10
1801 2020 2012 2085 redde
2058 2022 2312 2087 coelesti
2357 2026 2609 2106 gratiae.

444 2131 593 2215 plus
637 2130 814 2214 fecit,
858 2132 1067 2196 minus
1114 2129 1365 2211 docuit,
3149 2150 3150 2201 ι

444 2235 542 2300 sic
585 2235 872 2319 praefuit,
922 2233 1096 2317 quod
1138 2232 1397 2318 profuit,
1800 2210 1932 2277 Pro
1979 2214 2144 2277 tanti
2187 2217 2396 2297 patris
2440 2218 2675 2283 merito
2985 2223 3048 2285 25

1798 2314 1943 2382 laus
1991 2316 2109 2381 tibi
2154 2317 2239 2381 sit
2281 2318 2608 2402 ingenito,

442 2426 520 2495 ln
565 2426 862 2511 corporis
908 2424 1104 2489 exilio
1800 2419 1945 2483 laus
1992 2419 2109 2484 tibi
2151 2421 2516 2504 unigenitO,

445 2548 531 2594 ex
576 2526 855 2612 quodam
899 2524 1250 2609 privilegio
1802 2521 1947 2587 laus
1994 2522 2109 2587 tibi
2146 2525 2230 2587 sit
2272 2527 2614 2608 paraclito,

621 2714 911 2785 Perg.·Hs.
948 2730 1018 2767 zu
1053 2708 1363 2768 Frankfurt
1397 2711 1504 2768 No.
1544 2713 1666 2767 150.
1702 2712 1802 2768 des
1843 2714 1912 2767 14
1945 2712 2144 2768 Jahrb.
2183 2714 2298 2783 (A)
2349 2713 2460 2769 und
2493 2714 2569 2769 im
2605 2714 2780 2770 Brev.
2816 2716 3062 2789 Ungui

444 2817 569 2857 zum
629 2803 702 2854 24
763 2802 987 2871 August
1056 2800 1188 2870 (Β).
1292 2801 1427 2856 Zum
1491 2800 1561 2854 19
1619 2800 1849 2875 Δις-ωπ-
1905 2800 2058 2854 steht
2119 2816 2182 2854 es
2245 2800 2304 2854 in
2367 2800 2473 2855 den
2534 2802 2684 2859 Acta
2747 2802 2863 2860 SS.
2929 2807 3064 2875 Δις.
3149 2812 3150 2815 ’

443 2893 577 2945 tom.
615 2889 668 2957 3,
705 2887 810 2940 705
847 2888 977 2957 (C).

619 3013 655 3066 4
688 3026 897 3083 magna
931 3006 1077 3065 fehlt
1112 3011 1176 3065 Β.
1261 3010 1296 3062 9
1333 3007 1607 3064 doctrinis
1643 3009 1705 3063 Β.
1797 3010 1862 3062 11
1900 3007 2022 3063 vita
2057 3005 2094 3062 f.
2129 3009 2255 3063 min.
2292 3009 2354 3066 C.
2445 3011 2515 3064 12
2550 3010 2704 3080 quod
2742 3013 2809 3070 G.
2892 3017 2968 3067 17
2999 3013 3065 3069 ab

443 3097 593 3156 fehlt
626 3100 683 3155 in
717 3101 784 3157 A.
858 3101 926 3154 18
961 3096 1055 3153 fiir
1090 3103 1150 3152 et
1185 3102 1254 3151 st.
1292 3112 1330 3151 a
1363 3097 1423 3151 in
1457 3098 1523 3152 A.
1597 3096 1670 3150 20
1696 3096 1919 3168 jugiter
1955 3097 2016 3151 B.
2087 3100 2156 3152 25
2195 3103 2355 3153 tanto
2393 3099 2455 3153 B.
2525 3099 2598 3150 27
2635 3097 2748 3153 tihi
2775 3096 2940 3156 fehlt
2964 3101 3066 3167 Bc,

442 3184 610 3243 daffir
646 3187 881 3258 lausque
918 3186 980 3243 G.
1050 3187 1122 3241 28
1167 3185 1244 3240 sit
1278 3181 1424 3239 fehlt
1458 3184 1523 3241 C.

863 3538 1080 3614 1041.
1152 3538 1255 3635 Ῑηἡ
1291 3534 1746 3609 translatione
1797 3562 1854 3608 s.
1903 3535 2321 3609 Mammetis.
2401 3536 2632 3636 prosa.

441 3775 693 3841 Nobilis
735 3775 859 3840 flos
907 3773 1215 3858 Graeciae,
1800 3775 1985 3841 annis
2028 3794 2193 3858 puer
2236 3776 2513 3840 bissenis
3007 3785 3078 3847 1⁰

440 3879 777 3965 speculum
812 3876 1244 3960 Burgundiae‚
1799 3881 1985 3944 minis
2029 3898 2362 3965 preceque
2405 3880 2619 3964 poenis

525 3984 876 4066 Mammes,
922 3989 990 4048 et
1031 3981 1354 4065 refugium
1377 4028 1396 4064 ‚
1883 4002 2015 4048 non
2057 3984 2301 4049 flexisti
2345 4003 2460 4050 cor
2504 3984 2707 4070 pium.

438 4088 715 4158 mulsisti
758 4089 866 4154 lac
912 4108 953 4155 a
996 4088 1186 4167 feris,

441 4195 654 4260 missis
698 4212 938 4259 novum
987 4193 1149 4258 dans
1195 4192 1386 4276 feris,
1648 4191 1688 4253 5
1797 4169 2122 4266 Carceres
2161 4178 2228 4235 et
2272 4172 2583 4253 verbera,

521 4297 891 4366 Alexandri
933 4297 1293 4385 prandium.
1793 4274 1971 4354 fusas
2015 4280 2197 4339 tenta
2238 4274 2526 4358 Visoel'a2

1879 4377 2051 4458 ignis
2096 4377 2540 4459 refrigerium3
3017 4384 3080 4447 15

434 4484 549 4552 Ad
593 4495 1014 4571 conspectum
1056 4484 1396 4571 praesidis,
1791 4472 2067 4562 loquens
2111 4480 2348 4563 leoque
2391 4481 2548 4545 mite

436 4588 592 4653 hinc
634 4589 895 4670 plenum
939 4589 1307 4674 tyrannidis
1791 4584 1909 4651 tibi
1951 4583 2275 4667 pandunt,
2310 4591 2377 4648 te
2420 4585 2580 4649 vitae

527 4687 758 4753 ductus
803 4708 875 4756 es
920 4689 1184 4756 exitium
1200 4739 1218 4774 ,
1881 4705 2030 4751 esse
2076 4689 2234 4753 solis
2281 4687 2549 4754 radium.
