3175 5234
273 700 487 775 1086.
554 699 672 769 De
725 722 778 768 s.
826 695 1135 767 Moniea.
1210 691 1301 766 ad
1349 692 1879 792 completorium
1933 701 2003 763 et
2050 689 2142 762 ad
2187 700 2590 765 nocturnos.

145 920 303 986 coeli
347 920 525 985 cives
573 915 947 1003 applaudite
1492 932 1617 978 nec
1660 914 1894 977 imitari
1937 912 2188 997 pigeat,

144 1031 223 1103 et,
254 1041 372 1087 vos
415 1023 655 1087 fratres
698 1020 1055 1103 concinite,
1494 1015 1667 1098 quod
1715 1012 1986 1080 laudare
2030 1033 2210 1079 mens
2256 1017 2596 1098 approbat.

142 1125 362 1190 matris
407 1131 650 1188 nostrae
695 1124 1029 1188 sollemnia

144 1228 294 1294 anni
331 1225 589 1291 reduxit
634 1226 863 1291 orbita,
1073 1222 1092 1240 ·
1493 1206 1679 1271 Hanc
1723 1213 1874 1291 post
1918 1206 2136 1271 mundi
2180 1207 2503 1272 curricula

1495 1307 1643 1372 coeli
1687 1308 1971 1390 suscepit
2015 1308 2222 1390 curia,

140 1418 307 1484 Hinc
353 1436 517 1500 ergo
564 1417 791 1500 psalmi
832 1422 1169 1497 resonent,
1347 1418 1386 1477 5
1496 1429 1687 1493 quam
1732 1429 1876 1476 cum
1922 1412 2162 1475 sanctis
2207 1410 2508 1477 fidelibus
2661 1413 2741 1475 15

143 1521 295 1585 hinc
336 1520 650 1584 lectiones
696 1527 1094 1603 concrepent
1485 1512 1626 1595 jam
1671 1514 2012 1577 coronavit
2057 1511 2368 1578 dominus.

145 1631 213 1687 et
254 1621 633 1705 hymnorum
680 1619 1014 1686 dulcisona
1967 1699 1981 1713 .
2114 1701 2128 1714 ⁸
2173 1702 2186 1715 ι

142 1726 644 1809 multiplicentur
690 1725 957 1791 cantica.
1495 1698 1822 1815 pfflfflmm'
1867 1707 2018 1762 ‘⁰⁰⁸
2063 1702 2343 1783 V¹f¹b¹1⁸2

1485 1817 1840 1886 jungamus
1883 1819 2117 1883 preces
2162 1804 2500 1888 precibus,

149 1911 330 1990 Quod
375 1912 597 1994 lingua
640 1912 800 1976 foris
844 1916 1187 1995 personat,
1494 1909 1566 1967 ut
1606 1900 1888 1967 Monicae
1933 1901 2260 1984 suffragiis

144 2015 313 2078 intus
358 2014 630 2080 affectus
675 2015 940 2094 sentiat,
1308 2014 1388 2076 10
1496 2011 1647 2075 coeli
1691 2009 1979 2073 fruamur
2025 2009 2297 2091 gaudiis.
2657 2013 2743 2077 20

314 2189 434 2244 Ans
471 2186 771 2241 darselben
804 2187 901 2242 Hs.
970 2186 1072 2241 Bei
1107 2186 1304 2242 Dmriel
1326 2189 1374 2257 1,
1401 2187 1507 2242 293
1543 2186 1698 2241 steht
1731 2184 1834 2240 der
1866 2181 2097 2257 Anfang
2137 2185 2321 2241 dieses
2357 2186 2573 2259 Liedes,
2607 2189 2747 2246 aber

142 2272 252 2332 auf
278 2275 384 2330 den
420 2274 475 2329 h.
510 2273 873 2344 Augustinus.

315 2396 418 2451 Die
471 2395 627 2450 alten
681 2395 806 2450 Hss.
856 2393 1153 2450 schreiben
1200 2393 1307 2449 den
1362 2394 1575 2449 Namen
1629 2394 1816 2449 dieser
1865 2393 2125 2466 Reiligen
2171 2395 2272 2450 mit
2305 2411 2380 2450 nn
2399 2437 2414 2465 ‚
2468 2395 2744 2452 monnica.

142 2484 206 2540 S.
242 2484 502 2554 Auyustin.
539 2479 780 2537 confess.
816 2484 866 2551 9,
898 2484 986 2536 37.
1025 2480 1109 2535 ed.
1148 2480 1207 2537 S.
1235 2481 1412 2537 Maur.
1482 2481 1979 2536 Wahrscheinlich
2015 2482 2179 2536 riihrt
2213 2481 2364 2538 diese
2391 2482 2748 2555 Schreibung
2855 2518 2860 2523 ·

140 2588 260 2629 von
296 2572 398 2628 der
432 2571 650 2643 Lingua
686 2571 902 2626 rustica
937 2571 1069 2640 her,
1119 2568 1340 2624 welche
1376 2569 1467 2624 die
1503 2566 1799 2624 einfacben
1833 2569 2103 2640 Liquiden
2135 2570 2420 2626 zwiscben
2451 2570 2599 2626 επεὶ
2631 2571 2747 2627 Vo-

140 2657 312 2714 kalen
347 2674 491 2730 gern
525 2656 864 2728 verdoppelt
881 2697 896 2726 ,
945 2657 1059 2712 wie
1094 2656 1322 2726 mallos,
1370 2655 1583 2726 milles,
1637 2655 1872 2711 nobillis
1917 2674 1971 2710 n.
2010 2656 2152 2728 dgl.,
2216 2672 2340 2711 was
2377 2657 2523 2712 auch
2556 2657 2618 2714 in
2653 2655 2744 2713 die

136 2742 529 2801 franziisische
565 2744 818 2815 Sprache
854 2743 1150 2816 iiberging‚
1183 2744 1298 2799 wie
1330 2743 1391 2798 in
1425 2749 1724 2814 raisonner,
1754 2758 1974 2815 pamma,
2008 2747 2152 2815 salle,
2181 2744 2300 2815 lille,
2335 2746 2451 2800 telle
2484 2748 2591 2800 ete.

324 2863 586 2938 Anffinge
621 2866 860 2921 auderet
892 2863 1096 2921 Lieder
1132 2863 1242 2921 auf
1267 2865 1421 2921 diese
1456 2865 1682 2938 Heilige
1718 2865 1809 2919 bei
1842 2863 2034 2921 Daniel
2067 2869 2116 2937 1,
2154 2868 2278 2921 266.
2315 2868 2439 2921 269.

409 3147 625 3222 1087.
698 3149 1111 3246 Hympnum
1157 3150 1232 3220 in
1283 3149 1640 3220 nativitate
1688 3172 1779 3218 ss.
1827 3145 2116 3221 Nazarii
2169 3156 2239 3217 et
2293 3145 2508 3220 Celsi.

142 3365 337 3432 Sacri
376 3367 760 3454 triumphale
797 3371 916 3454 tui,
1503 3368 1764 3434 Celsum
1807 3366 2121 3432 heredem
2167 3365 2527 3448 sanguinis,

144 3466 393 3533 Christi
439 3470 717 3535 bellator
760 3472 1013 3555 inclite,
1502 3475 1813 3539 heredem
1859 3474 2021 3539 tanti
2066 3472 2338 3537 nominis
2359 3520 2377 3555 ,

141 3587 278 3653 quo
325 3589 503 3635 arma
547 3570 713 3635 fides
764 3580 831 3637 et
874 3574 1086 3639 crucis
1502 3579 1649 3663 pari
1694 3586 2072 3644 coronatum
2115 3575 2249 3640 fide
2667 3573 2747 3636 15

138 3673 516 3758 trophaeum
558 3684 791 3741 vernat
832 3679 1046 3761 proelii
1065 3727 1084 3763 ‚
1506 3678 1768 3745 Christo
1812 3680 2030 3747 libasti
2072 3681 2412 3745 victimam.

136 3861 450 3946 Mysticis
496 3878 738 3926 corona
780 3864 987 3929 modis
1357 3872 1397 3932 5
1506 3869 1606 3936 Tu
1649 3871 2034 3937 elementum
2076 3870 2384 3954 liquidum

136 3969 342 4031 turba
384 3964 639 4030 laudem
687 3967 980 4033 concinit.
1506 3974 1658 4039 fixis
1704 3977 1965 4041 calcans
2009 3977 2306 4058 vestigiis

128 4067 395 4134 Nazari
437 4069 551 4134 lux
596 4070 781 4152 vitae,
828 4069 1028 4137 decus
1505 4079 1751 4144 liberos
1795 4078 2020 4143 reddis
2063 4079 2298 4164 patriae
2347 4158 2352 4163 ,

20 4240 21 4273 ἡ
138 4169 599 4254 apostolorum
641 4173 1003 4256 partIcepS,
1510 4179 1791 4263 aequoris
1835 4180 2027 4243 morti
2072 4178 2343 4243 deditos.
2671 4179 2756 4243 20

135 4360 334 4425 Petri
383 4362 717 4425 coronaris
760 4361 892 4426 fide
1512 4368 1697 4434 Coelo
1741 4370 1968 4436 locans
2013 4370 2433 4436 substantiam
2452 4418 2471 4453 ,

135 4461 470 4544 Paulique
517 4461 753 4545 dogma
797 4466 997 4530 nobili
1324 4469 1402 4532 10
1512 4490 1741 4554 aerugo
1787 4492 1978 4554 quam
2021 4490 2151 4537 non
2194 4470 2502 4554 devorat,

132 4562 323 4630 Lino
367 4570 652 4647 ungente
694 4565 981 4649 praesule
1511 4583 1745 4658 gentes
1791 4574 2055 4639 trahens
2101 4574 2187 4639 ad
2231 4574 2509 4660 gratiam

143 4674 391 4733 sancto
435 4668 698 4732 muniris
744 4668 990 4752 spiritu.
1514 4697 1705 4745 sacra
1750 4677 1997 4744 talenta
2043 4678 2355 4765 duplicas.

277 4796 456 4850 Mene,
489 4795 660 4847 latein.
691 4798 940 4856 nymnen.
988 4799 1082 4849 111.
2264 4785 2354 4849 29
