3175 5234
350 314 480 378 164

1228 739 1399 815 757.
1473 738 1590 811 De
1638 763 1700 808 fs.
1751 731 2083 808 Achatio.

351 979 601 1046 Fidelis
646 980 1034 1045 universitas
1712 974 1928 1039 Morte
1974 970 2257 1057 pastoris
2301 969 2500 1053 igitur

353 1084 681 1151 collaudet
725 1084 833 1149 dei
876 1082 1107 1166 filium,
1713 1094 1985 1161 prorsus
2030 1074 2414 1156 imaginaria

353 1189 542 1254 adest
583 1207 775 1254 sacra
820 1188 1138 1268 festivitas
1715 1200 1884 1264 grex
1932 1178 2173 1244 Christi
2217 1176 2618 1260 crucifigitur
2888 1177 2976 1237 15

352 1299 719 1358 sanctorum
766 1291 990 1356 decem
1036 1288 1314 1351 millium.
1715 1290 1944 1348 assunt
1989 1288 2057 1344 et
2100 1281 2288 1362 signa
2335 1280 2537 1363 paria.

351 1496 492 1563 Sub
538 1496 889 1562 Hermolao
933 1495 1217 1580 praesule
1566 1495 1606 1554 5
1714 1488 1880 1553 Nam
1928 1487 2151 1552 mortis
2194 1487 2261 1550 in
2308 1485 2639 1551 doloribus

351 1618 498 1664 cum
542 1598 676 1663 suis
725 1597 857 1662 dux
902 1593 1221 1662 Achatius
1716 1610 1898 1676 spem
1945 1591 2292 1655 salutarem
2335 1590 2683 1673 impetrant

351 1716 543 1766 sacro
589 1702 760 1765 lotus
804 1700 1192 1784 baptismate
1717 1693 1966 1757 cunctis
2011 1693 2111 1756 sui
2154 1692 2574 1771 memoribus,

352 1804 547 1868 fidem
594 1811 816 1867 servat
859 1803 1171 1868 vivacius.
1717 1796 1978 1878 laetique
2025 1796 2227 1861 coelos
2271 1801 2634 1879 penetrant.
2884 1797 2975 1860 20

353 2008 470 2073 His
517 2006 853 2074 Adrianus
897 2009 1175 2092 imperat
1718 2001 1878 2067 Tam
1923 2001 2076 2066 forti
2120 2019 2241 2084 pro
2287 2002 2591 2083 victoria,

352 2130 596 2193 caesar,
644 2118 714 2175 ut
747 2112 950 2176 libent
984 2110 1207 2192 idolis,
1528 2110 1609 2172 10
1719 2104 2040 2188 triumpho
2084 2125 2208 2189 pro
2254 2114 2385 2171 tam
2428 2106 2650 2171 inclito

355 2235 544 2298 quem
592 2215 723 2280 dux
769 2218 1000 2280 beatus
1048 2221 1316 2300 superat
1717 2209 1802 2272 sit
1846 2207 1972 2272 deo
2018 2209 2189 2290 patri
2233 2207 2447 2290 gloria

353 2336 498 2382 cum
542 2319 835 2400 patribus
877 2315 1283 2380 christicolis.
1719 2312 2015 2394 prolique
2062 2329 2202 2375 cum
2248 2311 2584 2395 paraclito.

530 2514 627 2569 Hs.
687 2532 756 2570 zu
811 2516 871 2571 S.
927 2515 1070 2570 Paul
1118 2514 1177 2570 in
1213 2515 1468 2571 Kiirnten
1522 2513 1630 2569 No.
1673 2514 1755 2567 13.
1806 2511 1844 2568 f.
1880 2515 1952 2568 96
2004 2514 2103 2568 des
2160 2516 2227 2567 15
2274 2513 2471 2570 Jahrh.
2526 2514 2661 2584 (A).
2751 2513 2849 2568 Hs.
2905 2530 2979 2569 zu

357 2602 634 2659 Miincheu
672 2602 810 2659 Clm.
853 2604 1041 2657 17645.
1078 2603 1178 2658 des
1220 2606 1288 2658 14-
1321 2602 1518 2657 Jahrh.
1559 2603 1690 2673 (B).

533 2742 568 2793 3
615 2740 1007 2812 sollempnitas
1044 2741 1108 2797 B.
1199 2743 1233 2794 5
1282 2740 1584 2797 Hermelao
1620 2740 1848 2812 perside
1883 2743 1948 2796 A.
2041 2742 2077 2796 8
2125 2741 2413 2796 servatius
2450 2742 2516 2796 A.
2620 2742 2688 2795 10
2721 2741 2867 2797 libat
2902 2742 2968 2796 A.

357 2830 424 2881 11
460 2827 702 2899 insignis
739 2829 803 2883 B.
875 2830 944 2883 13
980 2843 1252 2899 passuros
1287 2828 1349 2882 B.
1424 2830 1494 2881 17
1528 2842 1657 2883 nam
1690 2829 1759 2883 A.
1834 2830 1902 2882 19
1939 2843 2134 2883 nemor
2168 2829 2234 2883 B.
2304 2829 2378 2882 20
2411 2828 2533 2883 laeti
2566 2828 2682 2883 AB.

532 2967 598 3023 V.
639 2971 722 3021 14.
780 2966 1114 3039 imaginaria
1159 2966 1340 3021 heisst
1373 2965 1499 3020 hier
1534 2966 1906 3035 vorhildlich,
1971 2967 2115 3021 nach
2151 2967 2275 3021 dem
2310 2967 2586 3022 Vorbilde
2622 2966 2722 3022 des
2759 2967 2974 3025 Kroun-

360 3055 525 3111 todes
545 3055 804 3123 „chi-isti.
873 3054 987 3109 Der
1022 3054 1160 3110 Sinn
1195 3053 1296 3108 ist:
1353 3052 1441 3107 die
1479 3052 1667 3108 Herde
1703 3053 1915 3110 Christi
1961 3054 2107 3109 wird
2153 3069 2299 3125 ganz
2341 3057 2484 3109 nach
2534 3054 2659 3110 dem
2694 3055 2973 3112 Vorbilde

359 3141 459 3196 des
496 3141 681 3199 Todes
717 3142 870 3197 ihres
906 3141 1104 3196 Rirteu
1142 3140 1496 3212 gekreuzigt.

2292 3446 2333 3465 Q

1033 3522 1203 3595 758.
1274 3520 1388 3592 De
1442 3548 1496 3592 s.
1554 3518 1878 3595 Adriano
1934 3533 2261 3623 martyre.

354 3777 507 3845 Ave
553 3791 777 3845 sancte
824 3780 1149 3865 Adriane,
1716 3786 1842 3865 Qui
1887 3790 1969 3852 ab
2012 3787 2312 3851 infernali
2359 3806 2520 3852 cane

353 3884 464 3967 qui
512 3886 889 3969 martyrium
933 3887 1208 3951 immane
1365 3958 1370 3963 ,
1717 3890 1982 3954 salvans
2027 3908 2146 3955 nos
2194 3890 2299 3954 sac
2343 3892 2517 3954 viam
2563 3890 2758 3974 plane

439 4007 678 4072 passus
725 4009 798 4053 es
842 3990 906 4054 in
953 4008 1270 4075 corpore,
1847 3994 2074 4058 salutis
2118 3993 2461 4077 incedere,

355 4100 535 4156 stans
581 4111 704 4176 pro
750 4091 1011 4158 Christo
1057 4094 1435 4177 christiane,
1717 4097 2073 4179 vivereque
2117 4098 2214 4162 sic
2257 4097 2536 4162 humane
2893 4100 2977 4164 1o

357 4194 617 4276 qnando
665 4196 902 4261 haeresi
946 4198 1242 4282 prosanae
1573 4199 1613 4260 5
1716 4206 1789 4266 ut
1829 4202 2149 4283 possimus
2193 4208 2467 4266 mortem
2502 4219 2659 4267 sane

443 4299 709 4364 noluisti
756 4301 1049 4367 credere.
1805 4303 2080 4367 subitam
2126 4302 2432 4368 evadere.
2682 4316 2683 4319 ’

532 4482 627 4538 Hs.
676 4481 1094 4544 franziisischer
1130 4485 1437 4562 Thgzeiteu
1491 4488 1568 4545 im
1606 4488 2015 4562 Privathesitz,
2081 4491 2148 4544 15
2183 4489 2382 4548 Jahrb.
2461 4489 2576 4548 Das
2614 4505 2796 4562 ganne
2839 4487 2984 4546 Lied

355 4567 457 4624 hat
491 4585 599 4624 nur
635 4571 782 4625 zwei
815 4573 1021 4629 Reime.

537 4691 608 4744 1⁰
645 4690 736 4761 sit,
773 4690 869 4747 Hs.
