3175 5234
364 321 498 386 156

365 504 587 559 dicatur
621 518 822 557 versus
858 500 980 556 iste.
1052 500 1217 554 Diese
1252 496 1512 567 Heiligen
1548 496 1744 551 hatten
1781 494 2024 550 nflmlich
2059 494 2184 549 ihre
2220 493 2459 564 eigenen
2494 493 2767 565 Hymnen.
2830 495 2977 550 Dar-

362 591 509 647 nacb
543 589 691 645 habe
728 589 820 644 ich
864 587 953 641 die
988 581 1386 644 Ueberscbrift
1420 588 1655 655 gesetzt.
1725 583 1886 637 Nach
1924 583 2049 636 dem
2079 580 2236 636 Reim
2274 580 2388 635 und
2421 579 2721 636 Versmass
2756 581 2834 636 ist
2869 579 2975 634 das

361 677 499 733 Lied
534 677 592 731 in
626 673 977 732 Frankreich
1012 674 1088 728 im
1125 675 1190 726 11
1227 671 1427 728 Jahrb.
1464 670 1743 742 gemacht.
1813 669 1888 725 Es
1925 671 2026 725 hat
2064 668 2155 723 bei
2190 668 2257 722 V.
2294 669 2328 722 9
2368 668 2493 723 eine
2528 669 2724 724 divisio.

539 784 605 834 11
642 780 838 848 hoste,
871 778 966 834 Hs.

630 1079 803 1154 748.
875 1079 1209 1178 Hymnus
1260 1075 1349 1148 de
1402 1072 1721 1175 quolibet
1767 1076 2173 1146 conlessore
2229 1071 2340 1144 vel
2392 1084 2717 1173 martyre.

361 1281 569 1366 Audi,
616 1283 804 1363 dem,
850 1279 1337 1365 hymnizantum
1716 1279 1841 1345 Hic
1883 1278 2004 1342 fuit
2045 1278 2277 1342 vivens
2320 1276 2567 1359 hostia,

359 1404 595 1471 preces
640 1392 894 1451 tuorum
939 1382 1333 1466 supplicum,
1716 1403 1839 1466 per
1883 1389 2118 1447 cuncta
2159 1381 2316 1446 vitae
2362 1381 2576 1465 spatia

363 1489 573 1554 sancti
617 1487 1011 1554 confessoris
1056 1486 1148 1551 tui
1716 1485 2027 1550 mactavit
2069 1485 2135 1548 in
2181 1504 2255 1549 se
2297 1485 2492 1566 vitia,
2890 1483 2979 1546 15

364 1591 700 1657 sollemnia
748 1590 1108 1656 colentium.
1719 1592 1931 1656 crucis
1973 1591 2248 1657 ferendo
2295 1593 2616 1675 stigmata.

360 1757 641 1841 Insignis
683 1757 861 1821 miris
906 1756 1156 1821 actibus
1570 1752 1610 1814 5
1716 1752 1958 1838 Hujus,
2003 1771 2045 1817 o
2091 1751 2382 1837 Christe,
2431 1754 2643 1837 gloria

362 1860 471 1926 hic
513 1860 693 1927 fulsit
736 1867 804 1924 et
845 1859 1225 1937 virtutibus,
1709 1857 1850 1942 jam
1893 1856 2105 1921 factus
2150 1866 2219 1922 et
2261 1857 2570 1941 victoria,

361 1964 632 2029 lucerna
674 1963 900 2027 lucens
946 1961 1239 2026 omnibus
1718 1959 1921 2044 ipsius
1965 1979 2086 2043 per
2131 1959 2444 2043 suffragia

364 2064 558 2130 domo
604 2063 710 2128 dei
759 2063 1185 2127 manentibus.
1722 2063 1807 2128 da
1849 2064 2038 2128 nobis
2081 2063 2238 2128 vitae
2282 2062 2541 2147 gaudia.
2886 2066 2980 2130 20

365 2226 676 2293 Fundans
722 2229 789 2294 in
835 2224 1095 2293 Christo
1139 2226 1416 2312 plurima
1719 2224 2115 2293 Laudamus*
2135 2233 2201 2290 te
2242 2232 2496 2310 patrem
2540 2225 2763 2310 deum,

366 2329 829 2394 monachorum
875 2330 1205 2410 coenobia,
1447 2412 1450 2415 A
1536 2328 1618 2392 10
1720 2330 1977 2394 unicum
2023 2330 2210 2394 simul
2253 2328 2453 2395 filium

362 2450 583 2496 muros
628 2432 864 2512 erexit,
903 2431 1155 2495 coelitus
1723 2431 2141 2515 spiritumque
2184 2431 2567 2515 paraclitum

362 2534 531 2596 vivis
575 2539 763 2597 utens
809 2532 1153 2615 lapidibus.
1721 2550 1893 2597 nunc
1936 2539 2003 2596 et
2047 2551 2168 2615 per
2213 2549 2402 2597 omne
2448 2531 2772 2596 saeculum.

544 2687 642 2742 Hs.
681 2704 751 2741 zu
785 2686 1029 2742 Admont
1060 2685 1167 2741 No.
1196 2687 1317 2739 712.
1364 2685 1431 2739 12
1446 2684 1645 2740 Jahrb.
1681 2683 1782 2738 mit
1817 2684 1921 2738 der
1949 2683 2339 2755 Bemerkung:
2377 2701 2579 2756 ymnus
2615 2686 2685 2740 de
2720 2685 2983 2757 quolibet

365 2770 696 2830 confessore
731 2774 828 2828 vel
864 2777 1133 2843 martyre,
1169 2778 1405 2843 excepto
1443 2772 1617 2827 tertio
1644 2788 1834 2840 versu,
1871 2772 1964 2843 qui
1982 2771 2133 2827 solis
2162 2769 2556 2828 fundatoribus
2587 2773 2982 2831 coenobiorum

367 2860 647 2932 congruit,
685 2859 832 2914 sicut
866 2876 911 2913 s.
948 2859 1236 2927 Pirminio‚
1271 2858 1510 2927 Annoni‚
1546 2858 1934 2914 willehelmo.
1992 2864 2219 2915 constat
2256 2859 2514 2933 jambico
2550 2860 2790 2918 dimetro
2823 2860 2979 2915 unde

369 2946 529 3016 „Jam
563 2946 738 3002 lucis“
779 2952 837 3001 et
870 2946 1051 3001 minor
1104 2946 1174 3015 (l.
1225 2945 1443 3019 major)
1490 2960 1629 3017 pars
1663 2962 1959 3017 ymnorum
2012 2946 2158 3001 unde
2206 2951 2265 3001 et
2309 2946 2567 3002 melodiis
2602 2948 2730 3003 cani
2765 2951 2981 3018 potest.

366 3030 478 3086 Der
513 3033 762 3104 Hymnus
798 3034 950 3088 steht
985 3048 1074 3088 am
1109 3032 1263 3087 Ende
1300 3032 1398 3087 des
1434 3032 1651 3088 Lebens
1690 3034 1788 3088 des
1825 3033 1877 3086 h.
1913 3032 2189 3087 wilhelm
2224 3049 2338 3088 von
2372 3034 2666 3090 Hirscbau.

542 3158 578 3210 3
614 3155 733 3209 vel:
771 3155 1042 3227 praeclari
1074 3154 1345 3226 martyris
1379 3155 1478 3209 tui.
1515 3155 1613 3210 Hs.
1688 3155 1755 3208 16
1793 3151 1998 3224 ferens,
2039 3154 2133 3209 Hs.
2172 3170 2359 3227 gegen
2396 3156 2502 3210 das
2536 3154 2854 3210 Versmass.

369 3437 542 3512 749.
593 3442 709 3511 De
761 3440 1192 3533 confessore,
1248 3441 1369 3537 qui
1422 3464 1567 3510 non
1624 3441 1755 3511 fuit
1805 3438 2140 3535 pontifex.
2203 3435 2294 3508 ad
2335 3435 2603 3532 laudem,
2653 3436 2985 3545 hymnus.

364 3637 489 3702 Hic
533 3646 637 3703 est
679 3658 878 3704 verus
924 3640 1333 3723 christicola,
1720 3638 1951 3723 Cujus,
1997 3658 2037 3704 o
2084 3638 2373 3725 Christe,
2419 3643 2662 3708 meritis

367 3741 811 3822 apostolorum
862 3746 1145 3827 assecla,
1718 3743 1958 3807 nostris
2006 3744 2238 3809 adesto
2282 3747 2619 3830 precibus,
2889 3747 2979 3811 10

367 3843 552 3925 cnjus
597 3850 805 3909 mater
849 3845 1130 3911 ecclesia
1720 3861 1849 3925 quo
1894 3846 2010 3910 tibi
2053 3845 2313 3911 laudum
2360 3846 2582 3912 debita

364 3964 555 4012 sacra
599 3948 837 4031 promit
880 3949 1233 4016 sollemnia.
1721 3945 1916 4027 digne
1963 3946 2187 4011 demus
2236 3950 2566 4031 obsequia.

367 4110 490 4189 Qui
527 4112 641 4177 illa
683 4113 841 4178 felix
888 4114 1131 4197 gaudia
1575 4119 1614 4178 5
1720 4108 1864 4174 Tibi
1905 4111 2207 4193 patrique
2255 4111 2471 4194 gloria

367 4231 572 4277 ovans
618 4215 997 4281 conscendit
1040 4215 1274 4298 ardua,
1721 4233 1865 4278 cum
1908 4223 2134 4279 sancto
2181 4217 2265 4280 sit
2308 4217 2658 4299 spiramine

368 4316 827 4398 coeligenarum
871 4318 1079 4402 epulis
1720 4317 1784 4381 in
1831 4334 2079 4384 summa
2121 4319 2267 4383 coeli
2315 4321 2497 4383 curia
2891 4320 2975 4381 15

367 4418 675 4484 fruiturus
722 4421 1109 4488 coelestibus.
1719 4441 1890 4487 nunc
1934 4431 2001 4488 et
2042 4442 2166 4507 per
2212 4429 2445 4487 cuncta
2488 4420 2749 4486 saecula.

541 4574 635 4628 Rs.
673 4590 744 4629 zu
780 4575 949 4631 Gratz
984 4577 1162 4647 ws93,
1204 4575 1303 4630 des
1342 4576 1412 4629 14
1445 4575 1647 4632 Jahrb.

548 4680 577 4730 1
618 4678 846 4749 Christi,
881 4680 977 4735 Hs.
1066 4683 1100 4733 5
1138 4682 1262 4751 quis
1299 4682 1425 4752 ille,
1460 4681 1558 4736 Hs.
