3175 5234
2658 276 2810 353 tu

1020 742 1236 817 1071.
1296 743 1588 817 Martini
1642 748 1975 847 episcopi.

176 985 327 1052 Rex
373 981 632 1048 Christe
651 1028 668 1063 ‚
712 980 980 1047 Martini
1022 979 1223 1046 decus
1238 1030 1256 1065 ,
1539 986 1651 1067 qni
1693 985 1926 1050 vivere
1969 985 2304 1071 discipulis

174 1087 289 1154 hic
330 1087 474 1152 laus
521 1092 661 1163 tua,
706 1091 774 1150 tu
820 1084 990 1149 illins
1015 1132 1033 1167 ,
1534 1088 1676 1171 νὴ,
1722 1095 1834 1153 aut
1875 1090 2039 1154 mori
2081 1108 2210 1154 non
2255 1091 2537 1158 rennuis.
2699 1095 2785 1161 2⁰

172 1196 251 1255 tu
294 1206 415 1253 nos
457 1187 525 1251 in
569 1186 697 1250 hoc
741 1193 804 1249 te
853 1184 1071 1250 colere

174 1292 335 1374 quin
379 1290 589 1374 ipsum
634 1288 699 1351 in
744 1295 809 1351 te
854 1288 1082 1354 tribue.
1537 1275 1662 1355 Qui
1703 1287 1806 1344 ter
1849 1280 2051 1346 chaos
2097 1280 2474 1367 devicerat,

1532 1389 1781 1446 mortus
1827 1387 2015 1449 re‘atu
2058 1384 2299 1449 suscita
2317 1434 2335 1468 ‚

178 1480 309 1560 Qui
349 1480 469 1545 das
488 1528 507 1561 ‚
549 1498 673 1563 per
715 1479 893 1545 orbis
939 1478 1238 1545 cardines
1388 1480 1428 1543 5
1537 1484 1860 1551 diviseras
1901 1494 1975 1553 ut
2017 1487 2458 1572 chlamydem,

176 1582 356 1666 quod
403 1601 662 1666 gemma
699 1582 908 1665 fulget
950 1583 1333 1666 praesulum,
1534 1605 1658 1653 nos
1703 1588 1897 1654 indue
1933 1589 2202 1673 justitia.

179 1687 267 1754 da
281 1735 299 1769 ,
358 1706 522 1771 quos
567 1694 866 1773 premunt
909 1687 1122 1771 culpae
1167 1707 1428 1771 graves,

178 1791 398 1856 solvat
434 1810 557 1874 per
602 1792 834 1874 ingens
879 1791 1190 1854 meritum.
1533 1773 1676 1841 Fae
1710 1797 1908 1862 nuno,
1956 1781 2129 1862 quod
2163 1783 2314 1847 olim
2341 1803 2665 1872 gesseras,
2697 1790 2782 1853 26
2813 1796 2823 1806 '

1539 1896 1711 1945 nunc
1753 1883 2075 1964 praesules
2122 1885 2440 1970 clarifica,

177 1978 283 2046 En
315 1970 582 2064 'pauper
626 1976 734 2045 hic
778 1987 845 2044 et
889 1978 1178 2045 modicus
1535 2000 1706 2065 auge
1753 1982 1953 2049 decus
1997 1986 2321 2070 ecclesiae,

181 2084 421 2150 coelum·
461 2082 647 2147 dives
691 2081 1082 2165 ingreditur,
1346 2082 1426 2145 10
1538 2082 1805 2148 fraudes
1848 2085 2054 2151 relide
2099 2095 2364 2153 satanae.

182 2185 328 2251 coeli
375 2183 681 2250 cohortes
728 2183 1030 2263 obviant,

180 2289 423 2369 linguae
440 2336 458 2370 ,
505 2287 745 2367 tribuS‚
791 2292 1024 2367 gentes
1070 2291 1286 2350 ovant.
1533 2269 1624 2336 Ut
1667 2272 1970 2354 ΒΡθθὶἃῙὶΒ
2016 2272 2248 2357 δῖθῐίὸθ

1538 2373 1858 2455 quondam
1904 2375 2272 2442 recorderis
2319 2386 2483 2464 tuae,
2693 2383 2778 2449 30

179 2475 270 2543 Ut
311 2478 463 2542 vitae
506 2477 716 2561 fulget
761 2478 1099 2559 transitus,
1352 2509 1357 2513 ·
1533 2477 1892 2541 monastico
1946 2498 2115 2544 nunc
2159 2479 2369 2546 ordini

179 2579 362 2645 coelis
410 2587 476 2643 et
520 2596 681 2644 arvo
727 2578 1141 2664 splendidus,
1529 2579 1671 2664 jam
1716 2600 1906 2664 paene
1952 2583 2139 2667 lapso
2184 2587 2472 2651 subveni.

176 2680 472 2764 gaudere
521 2684 770 2749 cunctis
818 2690 920 2747 est
964 2683 1170 2767 pium,
1349 2685 1429 2745 15
1807 2716 1819 2726 ·

178 2785 429 2849 cunetis
475 2785 652 2850 salus
697 2785 778 2849 sit
823 2784 967 2849 haeo
1012 2784 1169 2850 dies.
1536 2767 1640 2835 Sit
1683 2772 1951 2837 trinitati
1995 2773 2235 2856 gloria,

1538 2872 1857 2939 Martinus
1899 2882 1973 2939 ut
2016 2878 2356 2943 confessus
2399 2886 2528 2963 est,

179 2971 501 3056 Martine,
546 2992 670 3056 par
716 2973 1030 3056 apostolis
1049 3020 1067 3054 ‚
1536 2975 1725 3059 cujus
1769 2975 1964 3040 fidem
2006 2997 2129 3061 per
2173 2997 2376 3063 opera
2695 2982 2779 3046 35

173 3076 412 3139 festum
471 3075 760 3139 colentes
808 3083 875 3139 tu
921 3075 1107 3157 fove,
1535 3077 1602 3139 in
1648 3077 1833 3142 nobis
1877 3079 2021 3161 ipse
2068 3082 2349 3145 roboret.
2416 3101 2620 3148 amen.

357 3288 454 3343 Hs.
491 3305 559 3342 zu
595 3286 654 3342 S.
691 3287 863 3342 Peter
900 3286 955 3341 in
992 3285 1276 3359 salzburg
1310 3285 1378 3355 V,
1394 3289 1481 3341 24.
1519 3285 1620 3341 des
1665 3289 1731 3340 12
1757 3285 1956 3342 Jahrh.
1994 3289 2125 3360 (A).
2196 3287 2491 3357 Expositi«)
2526 3290 2782 3360 hymnor.

173 3375 377 3435 Colon.
418 3376 571 3429 1492.
623 3370 663 3428 f.
699 3375 769 3428 42
821 3371 946 3443 (Ο).
1015 3374 1356 3447 Eymnarius
1410 3390 1525 3430 von
1560 3372 1733 3428 Basel
1781 3388 1835 3426 V.
1878 3373 2037 3428 1504.
2084 3370 2123 3428 f.
2171 3375 2242 3429 39
2290 3375 2414 3444 (Β).
2483 3376 2598 3431 Das
2646 3376 2783 3433 [aiod

173 3463 398 3522 scheint
433 3463 506 3517 im
541 3465 576 3516 ’7
613 3462 752 3518 oder
786 3462 821 3516 8
859 3460 1058 3517 Jahrh.
1093 3461 1370 3531 gemacht.

354 3607 389 3660 3
425 3605 572 3661 hunc
608 3606 716 3662 ΒΟ.
788 3606 825 3658 4
860 3603 1040 3675 ipsum
1078 3602 1211 3672 quin
1248 3607 1315 3657 tr.
1354 3602 1419 3670 B,
1456 3601 1513 3655 in
1548 3602 1652 3672 ips.
1691 3601 1822 3673 quin
1858 3606 1928 3656 tr.
1958 3601 2018 3657 Ο.
2075 3602 2109 3656 8
2128 3601 2344 3673 jugens
2371 3602 2434 3658 B.
2488 3605 2557 3657 12
2584 3608 2784 3677 gentes

173 3689 326 3748 fehlt
361 3690 468 3748 ΒΟ.
556 3694 625 3745 13
662 3690 782 3746 vita
817 3691 927 3747 ΒΟ.
1021 3692 1087 3743 15
1123 3689 1275 3761 pium
1311 3695 1399 3745 est
1432 3689 1607 3757 ABG,
1674 3687 1773 3743 des
1807 3687 2027 3744 Reimes
2063 3703 2279 3759 wegen.
2359 3690 2427 3743 16
2464 3689 2541 3746 sit
2574 3691 2679 3748 sal.
2713 3692 2783 3762 A,

172 3780 271 3835 hic
325 3781 386 3837 Ο.
508 3780 635 3834 Νιιιι
686 3776 840 3849 folgt
893 3777 981 3832 die
1035 3777 1353 3849 Doxologie
1400 3776 1458 3832 in
1512 3777 1605 3835 ΒΟ
1658 3774 1769 3831 und
1815 3779 1881 3829 17
1935 3773 2029 3847 flg.
2093 3775 2182 3830 als
2235 3778 2463 3850 eigener
2516 3778 2781 3852 Hymnus.

179 3871 252 3925 18
288 3874 440 3925 tuum
476 3869 586 3925 col.
622 3865 741 3924 fov.
775 3867 886 3923 ΒΟ.
957 3868 1030 3920 20
1062 3866 1206 3922 mori
1243 3882 1349 3925 nos
1378 3866 1599 3937 respice
1633 3866 1743 3922 ΒΟ.
1812 3867 1881 3919 21
1913 3865 2170 3921 eviceras
2196 3866 2308 3924 ΒΟ.
2379 3869 2593 3923 21-24
2627 3867 2784 3923 dieue

177 3957 297 4013 Str.
335 3957 489 4012 steht
520 3956 665 4011 nach
704 3956 806 4010 der
843 3952 985 4025 folg.
1022 3953 1080 4008 in
1115 3955 1223 4011 ΒΟ.
1297 3957 1367 4008 22
1402 3969 1622 4009 mersos
1659 3969 1706 4008 r.
1744 3952 1852 4008 ΒΟ.
1932 3956 2004 4008 24
2031 3954 2314 4027 justitiam
2350 3954 2460 4012 ΒΟ.
2529 3957 2599 4009 25
2638 3968 2784 4009 nunc

176 4040 327 4099 fehlt
383 4043 487 4100 ΒΟ.
584 4045 656 4097 27
710 4056 837 4096 esse
893 4039 933 4097 f.
990 4039 1189 4095 eccles.
1244 4040 1301 4097 Ο.
1399 4041 1472 4095 28
1525 4040 1709 4112 religo
1755 4040 1865 4096 ΒΟ.
1954 4042 2026 4095 29
2060 4039 2375 4111 spiritualis
2411 4040 2519 4098 ΒΟ.
2617 4041 2689 4094 36
2723 4043 2784 4095 et

176 4130 304 4201 ipse
343 4131 403 4187 Ο.

355 4267 424 4321 V.
461 4270 547 4323 21.
601 4269 811 4337 οΙιαοε,
849 4266 940 4321 die
976 4264 1320 4335 Unterwelt3
1390 4266 1492 4322 der
1526 4267 1757 4322 Dichter
1793 4265 2074 4322 brauchte
2109 4267 2287 4322 chaos
2320 4266 2466 4321 nach
2501 4265 2601 4321 der
2633 4266 2784 4322 Ana·

176 4358 335 4428 logie
372 4373 487 4410 von
523 4353 719 4429 χάσμα
753 4355 847 4410 bei
882 4355 1011 4411 Luc.
1051 4356 1132 4427 17,
1166 4355 1251 4409 26.
1321 4353 1422 4409 Die
1469 4353 1653 4411 Stelle
1710 4355 1933 4411 bezieht
1985 4354 2106 4410 sich
2154 4352 2261 4410 anf
2300 4354 2391 4410 die
2426 4350 2785 4428 Erweckung

180 4447 283 4502 der
320 4445 442 4501 drei
478 4444 899 4501 Verstorbeneu
939 4444 1114 4500 durch
1149 4443 1256 4500 den
1290 4445 1344 4499 h.
1381 4442 1603 4500 Martin.
