3175 5234
366 329 498 394 166

365 511 587 566 dicatur
621 526 823 565 versus
857 508 980 564 istc.
1052 507 1216 562 Diese
1253 503 1513 575 Heiligen
1548 504 1743 559 hatten
1780 502 2024 557 niimlich
2058 502 2185 556 ihre
2221 500 2457 572 eigenen
2493 501 2768 573 Hymnen.
2830 503 2977 558 Dar-

363 598 508 654 nach
544 598 692 652 habe
728 596 820 651 ich
864 596 954 649 die
988 589 1387 652 Ueberschrift
1420 596 1656 663 gesetzt.
1725 590 1884 646 Nach
1923 590 2049 645 dem
2081 588 2237 644 Reim
2273 588 2388 643 und
2422 588 2721 645 Versmass
2756 589 2834 645 ist
2868 588 2978 643 das

361 685 499 741 Lied
534 685 592 740 in
627 682 977 739 Frankreich
1012 682 1087 736 im
1126 683 1190 734 11
1228 679 1427 736 Jahrh.
1465 678 1743 750 gemacht.
1812 678 1888 734 Rs
1924 678 2027 732 hat
2065 677 2156 731 bei
2189 676 2256 730 V.
2294 677 2330 731 9
2369 676 2494 731 eine
2529 677 2724 733 divisio.

538 791 605 842 11
644 788 807 842 hoste
823 826 838 857 ‚
871 786 966 841 Hs.

631 1088 803 1163 748.
874 1087 1208 1186 Hymnus
1260 1084 1348 1157 de
1401 1081 1721 1183 quolibet
1766 1084 2174 1155 contessore
2230 1079 2340 1153 vel
2392 1092 2717 1181 martyre.

361 1289 568 1373 Audi,
614 1291 804 1372 deus,
851 1288 1336 1373 hymnizantum
1716 1288 1843 1353 Hic
1883 1287 2005 1351 fuit
2046 1286 2277 1350 vivens
2322 1285 2567 1367 hostia,

360 1412 596 1479 preces
641 1402 893 1458 tuorum
939 1391 1332 1475 supplicum,
1716 1410 1838 1474 per
1883 1397 2118 1456 cuncta
2159 1390 2316 1454 vitae
2361 1389 2576 1474 spatia

364 1497 573 1562 sancti
616 1495 1011 1561 confessoris
1057 1494 1150 1559 tui
1717 1494 2027 1558 mactavit
2069 1493 2133 1556 in
2181 1512 2255 1556 se
2298 1493 2491 1574 vitia,
2890 1492 2981 1554 15

364 1600 701 1665 sollemnia
748 1598 1108 1663 colentium.
1720 1599 1930 1664 crucis
1972 1599 2248 1664 ferendo
2295 1601 2616 1683 stigmata.

360 1765 640 1848 Insignis
683 1765 861 1829 miris
906 1764 1156 1829 actibus
1570 1761 1610 1821 5
1716 1760 1958 1844 Hujus,
2004 1780 2045 1826 o
2091 1759 2383 1845 Christe,
2429 1762 2643 1845 gloria

361 1869 472 1935 hic
512 1868 693 1934 fulsit
737 1873 806 1931 et
845 1867 1225 1944 virtutibus,
1709 1864 1851 1948 jam
1893 1865 2105 1929 factus
2151 1874 2219 1930 et
2261 1866 2569 1950 victoria,

361 1972 632 2037 lucerna
674 1970 899 2035 lucens
945 1969 1240 2035 omnibus
1718 1967 1921 2051 ipsius
1964 1987 2086 2051 per
2130 1968 2444 2052 suffragia

363 2073 559 2138 domo
603 2071 711 2136 dei
760 2070 1184 2136 manentibus.
1722 2069 1807 2135 da
1848 2072 2038 2136 nobis
2081 2071 2238 2136 vitae
2282 2070 2540 2154 gaudia.
2886 2074 2980 2138 20

366 2234 675 2301 Fundana
723 2235 787 2300 in
834 2232 1096 2300 Christo
1139 2235 1416 2319 plurima
1719 2232 2113 2301 Laudamus«
2133 2241 2201 2298 te
2241 2239 2497 2317 patrem
2539 2234 2762 2318 deum,

366 2337 828 2402 monachorum
874 2337 1206 2418 coenobia‚
1535 2336 1618 2400 10
1720 2337 1977 2402 unicum
2023 2338 2211 2402 simul
2253 2336 2451 2402 filium

363 2456 584 2504 muros
627 2439 865 2520 erexit,
902 2439 1155 2503 coelitus
1722 2438 2141 2522 spiritumque
2184 2438 2567 2522 paraclitum

362 2541 532 2603 vivis
575 2547 763 2604 utens
809 2541 1154 2624 lapidibus.
1720 2557 1893 2605 nunc
1936 2546 2004 2603 et
2047 2559 2169 2623 per
2212 2556 2401 2604 omne
2446 2539 2772 2604 saeculum.

545 2693 642 2748 Hs.
681 2710 752 2748 zu
784 2693 1029 2748 Admont
1060 2692 1167 2747 No.
1195 2693 1317 2746 712.
1363 2690 1644 2748 121ahrh.
1681 2690 1782 2746 mit
1816 2690 1921 2746 der
1949 2691 2339 2764 Bemerkung:
2377 2708 2578 2763 ymnus
2615 2692 2685 2747 de
2720 2693 2983 2765 quolibet

366 2777 697 2836 confessore
731 2780 830 2834 vel
864 2784 1132 2850 martyre,
1168 2786 1405 2851 excepto
1443 2778 1617 2835 tertio
1644 2795 1834 2847 versu,
1871 2779 1964 2850 qui
1982 2778 2133 2834 solis
2161 2777 2557 2836 fundatoribus
2586 2782 2978 2838 coenobiornm

367 2866 647 2939 congruit,
684 2866 831 2921 sicut
866 2882 911 2920 s.
949 2865 1236 2935 Pirminio,
1270 2866 1509 2935 Annoni‚
1546 2864 1934 2921 willehelmo.
1992 2872 2219 2922 constat
2255 2867 2512 2940 jambico
2550 2868 2788 2925 dimetro
2825 2867 2976 2923 unde

370 2950 529 3023 „Jam
563 2952 738 3009 lucis“
779 2958 837 3008 et
871 2953 1051 3008 minor
1104 2953 1174 3021 (l.
1224 2954 1442 3027 maJ‘or)
1491 2966 1628 3025 pars
1664 2969 1959 3024 ymnorum
2012 2953 2158 3008 unde
2206 2958 2263 3009 et
2309 2955 2567 3011 melodiis
2603 2956 2729 3010 cani
2763 2959 2978 3027 potest.

366 3038 479 3092 Der
514 3039 762 3110 Hymnus
797 3040 950 3095 steht
985 3055 1073 3094 am
1108 3039 1263 3095 Ende
1299 3040 1398 3094 des
1434 3040 1651 3096 Lebens
1689 3041 1788 3096 des
1824 3040 1878 3094 h.
1913 3039 2189 3095 wilhelm
2223 3057 2337 3096 von
2372 3041 2667 3099 Hirschau.

543 3164 578 3217 3
615 3161 734 3217 vel:
771 3162 1041 3234 praeclari
1074 3162 1344 3233 martyris
1379 3161 1477 3217 tui.
1514 3162 1612 3216 Hs.
1688 3162 1755 3215 16
1791 3158 2000 3230 ferens,
2038 3162 2133 3217 Hs.
2172 3178 2358 3234 gegen
2395 3163 2503 3218 das
2537 3162 2853 3219 Versmass.

371 3444 542 3519 749.
591 3448 708 3519 De
761 3447 1191 3540 confessore,
1248 3449 1371 3544 qui
1424 3470 1566 3517 non
1624 3446 1755 3517 tuit
1804 3444 2140 3542 pontifex.
2203 3442 2295 3515 ad
2334 3443 2604 3540 laudeS,
2653 3444 2981 3551 hymnus.

365 3644 490 3709 Hic
534 3652 638 3708 est
678 3665 877 3711 verus
924 3648 1333 3729 christicola,
1719 3645 1951 3730 Cujus,
1998 3665 2037 3711 o
2084 3646 2373 3732 Christe,
2420 3652 2663 3716 meritis

367 3748 811 3829 apostolorum
862 3753 1145 3833 assecla,
1717 3752 1957 3814 nostris
2006 3751 2238 3817 adesto
2282 3755 2619 3838 precibus,
2889 3756 2973 3818 10

367 3849 552 3931 cujus
598 3858 805 3916 mater
850 3853 1130 3918 ecclesia
1721 3868 1847 3932 quo
1894 3852 2010 3917 tibi
2054 3853 2313 3918 laudum
2359 3855 2581 3920 debita

364 3971 556 4017 sacra
598 3955 838 4037 promit
880 3956 1233 4022 sollemnia.
1720 3951 1916 4035 digne
1963 3953 2188 4018 demus
2235 3957 2566 4038 obsequia.

367 4116 490 4194 Qui
527 4118 642 4182 illa
683 4119 840 4183 felix
888 4120 1131 4202 gaudia
1574 4127 1613 4185 5
1720 4113 1864 4180 Tibi
1905 4119 2206 4200 patrique
2254 4118 2469 4201 gloria

368 4236 573 4282 ovans
618 4220 997 4287 conscendit
1040 4222 1274 4304 ardua,
1720 4240 1864 4285 cum
1908 4230 2133 4287 sancto
2180 4224 2266 4287 sit
2308 4224 2657 4307 spiramine

367 4321 828 4404 coeligenarum
871 4325 1080 4408 epulis
1720 4324 1783 4387 in
1831 4342 2077 4389 summa
2121 4326 2267 4391 coeli
2313 4327 2496 4390 curia
2892 4327 2974 4389 15

368 4424 675 4490 fruiturus
722 4427 1108 4493 coelestibus.
1718 4448 1889 4494 nunc
1934 4440 2000 4495 et
2042 4450 2164 4514 per
2211 4436 2444 4495 cuncta
2488 4428 2749 4493 saecula.

541 4580 637 4634 Hs.
672 4597 743 4634 zu
779 4580 949 4636 Gratz
983 4583 1161 4653 40J93,
1203 4581 1303 4636 des
1341 4582 1410 4636 14
1444 4579 1646 4637 Jahrb.

547 4687 576 4738 1
618 4684 845 4755 Christi,
882 4686 977 4740 Hs.
1067 4690 1100 4741 5
1138 4687 1264 4759 quis
1298 4688 1424 4759 ille,
1459 4688 1557 4743 Hs.
