3175 5234
427 293 554 361 100

425 481 653 548 Crucis
700 481 1082 564 supplicium
1786 480 2040 544 Nostris
2089 498 2257 544 nunc
2300 480 2618 563 precibus

425 587 662 650 scimus
708 603 1120 668 perpessum,
1597 586 1680 648 20
1787 599 2010 645 omnes
2057 600 2365 663 rogemus
2381 630 2399 662 ,

426 691 636 754 crucis
678 689 1050 771 mysterium
1786 693 1856 747 ut
1899 701 2017 747 nos
2064 685 2127 746 in
2175 685 2461 765 patriam

423 793 624 876 pandi
670 793 1058 872 verendum,
1787 784 2084 849 Christus
2134 795 2449 849 aeternam

423 897 621 977 inqua
667 895 827 958 deus
875 901 1099 956 nostra
1785 908 1908 970 per
1953 888 2096 971 ejus
2135 890 2364 953 merita
2953 892 3023 952 35

425 997 571 1062 tulit
617 1002 907 1078 peccata.
1789 987 1984 1054 ducat
2027 998 2180 1072 post
2222 991 2444 1054 vitam.

425 1159 604 1223 Odor
652 1160 1068 1223 suavissimus
1600 1160 1682 1220 25
1787 1156 1965 1220 Laus
2013 1157 2096 1219 sit
2144 1157 2342 1239 digna
2390 1158 2520 1222 deo

426 1270 529 1325 est
574 1261 696 1325 deo
743 1261 983 1342 sactuS,
1792 1262 1934 1343 ejus
1981 1271 2047 1325 et
2089 1268 2243 1324 nato

426 1365 578 1427 dum
625 1364 848 1445 figitur
893 1365 1106 1442 cruci,
1786 1364 2243 1447 pneumatique
2290 1373 2560 1443 sanem,

423 1468 656 1529 nolens
703 1466 927 1529 dimitti
1786 1467 1895 1528 uni
1947 1474 2011 1528 et
2058 1467 2226 1529 trino
2945 1463 3015 1526 40

423 1577 674 1650 martyr
720 1569 1132 1648 dignissimus
1787 1586 2044 1650 semper
2086 1588 2207 1650 per
2254 1570 2472 1632 omnia
2564 1646 2569 1651 ,

424 1670 678 1734 scandit
719 1671 802 1734 ad
851 1672 1067 1735 coelos,
1596 1672 1679 1734 30
1787 1671 2046 1750 saecula.
2103 1691 2306 1735 amen.

601 1854 695 1908 Hs.
756 1871 823 1907 zu
879 1854 936 1908 S.
973 1855 1115 1908 Paul
1169 1855 1226 1908 in
1263 1855 1516 1908 Kiirnten
1570 1853 1673 1908 No.
1712 1855 1794 1906 13.
1854 1853 1952 1907 des
2009 1856 2076 1907 15
2134 1855 2331 1908 Jahrh.
2387 1853 2492 1909 fol.
2532 1856 2652 1907 107.
2739 1823 2836 1911 Ein
2884 1853 3009 1907 alter

420 1948 670 2017 Hymnus
722 1964 822 2001 aus
879 1947 1000 2001 dem
1051 1950 1084 2000 6
1124 1948 1263 2002 oder
1299 1951 1332 2000 7
1368 1947 1596 2015 Jahrh.,
1661 1946 1860 2000 dessen
1899 1947 2153 2016 Sprache
2203 1948 2313 2001 und
2367 1948 2672 2001 Versmass
2722 1938 3009 2013 manigfach

419 2035 744 2089 verdorben
779 2036 994 2089 wurde.

598 2144 631 2193 5
670 2141 768 2196 hat
805 2140 927 2194 eine
965 2140 1144 2210 Sylbe
1180 2157 1250 2193 zu
1285 2139 1435 2208 vie13
1473 2139 1765 2193 vielleicht
1800 2139 1914 2192 soll
1952 2155 2012 2191 es
2050 2139 2300 2192 heissen:
2341 2155 2453 2193 non
2494 2144 2662 2192 sonet
2702 2143 2899 2191 tautum
2930 2147 2998 2185 os.

423 2232 459 2281 ¹7
495 2230 778 2285 Christum
815 2229 1140 2298 nobiscum,
1187 2231 1282 2284 Hs.
1359 2230 1391 2282 8
1430 2228 1693 2299 quidquid
1730 2234 1843 2295 est,
1894 2228 2007 2296 Hs,
2071 2244 2256 2300 gegen
2295 2230 2402 2283 den
2446 2231 2608 2283 vers,
2681 2232 2745 2282 11
2781 2225 2872 2276 hat
2903 2220 3005 2273 eine

421 2316 600 2386 Sylbe
637 2333 705 2369 zu
742 2316 886 2384 viel;
921 2334 1048 2370 man
1088 2317 1298 2370 konnte
1336 2318 1470 2368 leuno
1508 2313 1602 2368 fiir
1640 2317 1792 2368 talem
1820 2320 2025 2368 setzen.
2099 2318 2165 2369 13
2203 2315 2405 2387 dignus
2434 2307 2605 2370 laude
2635 2311 2895 2378 consistit,
2925 2306 3004 2360 ns.

422 2404 492 2455 14
529 2403 665 2469 deo,
703 2401 799 2455 Hs.
901 2405 967 2455 15
1005 2403 1203 2455 besser
1239 2404 1397 2454 wiire
1435 2400 1738 2455 advocans.
1845 2406 1913 2455 17
1951 2403 2085 2471 rite,
2122 2405 2218 2458 Hs.
2273 2407 2417 2458 nach
2463 2406 2565 2459 det
2600 2406 2791 2472 linqua
2824 2400 3001 2453 rustica

422 2489 492 2542 18
529 2489 767 2556 piscare,
805 2487 900 2540 ns.
939 2488 1081 2541 nach
1121 2486 1419 2541 derselben
1448 2488 1717 2557 Sprache.
1789 2490 1860 2541 20
1899 2505 2060 2559 quem
2097 2491 2264 2556 scim.‚
2303 2492 2395 2544 Hs,
2473 2495 2541 2545 21
2584 2491 2709 2545 dum
2745 2502 2892 2552 cruc,
2924 2482 3000 2537 us.

422 2576 494 2628 26
535 2573 688 2639 deus,
727 2573 820 2626 Hs,
890 2575 960 2626 33
999 2574 1055 2626 in
1094 2571 1238 2627 fehlt
1275 2574 1376 2627 der
1412 2574 1505 2628 Hs.
1579 2577 1650 2628 35
1688 2581 1836 2645 post,
1874 2576 1967 2630 Hs,
2041 2578 2112 2631 39
2150 2577 2453 2647 pneumati,
2492 2579 2585 2633 Hs.

894 2873 1067 2945 693.
1139 2871 1449 3000 Andreae
1500 2877 1801 2975 apostoli
1856 2877 1945 2949 ad
1995 2904 2186 2977 vesp.
2243 2878 2567 2978 hymnus.

419 3077 671 3144 Exorta
717 3100 755 3143 a
799 3078 1155 3143 Bethsaida
1779 3079 2071 3144 Andreae
2118 3101 2262 3162 quae
2310 3082 2591 3164 apostoli
2926 3065 2989 3127 ¹5

422 3183 713 3264 suscepit
757 3183 1093 3247 luminaria
1781 3183 2029 3247 sancita
2075 3191 2177 3246 est
2213 3186 2545 3267 martyrio.

420 3286 486 3350 in
530 3285 725 3351 Petro
773 3297 966 3370 atque
1012 3284 1283 3354 Andrea

417 3390 746 3472 primitiva
796 3391 1089 3455 ecclesia·
1779 3369 2022 3434 Nostra
2067 3370 2251 3434 simul
2299 3372 2581 3435 ecclesia

1501 3543 1509 3551 ,
1781 3472 2053 3535 resultet
2099 3470 2182 3534 ad
2222 3472 2368 3537 haec
2412 3473 2669 3555 gaudia,

419 3575 597 3652 Quos
645 3585 784 3640 arte
830 3578 1182 3657 piscatoria
1633 3583 1670 3641 5
1782 3575 2061 3657 apostoli
2105 3595 2274 3639 nunc
2319 3597 2533 3644 annua

419 3686 788 3758 quaerentes
833 3680 1138 3743 victualia
1231 3719 1239 3732 -
1781 3697 1925 3742 cum
1971 3679 2202 3742 recolit
2247 3680 2599 3744 sollemnia.
2916 3659 2984 3720 ²⁰

416 3779 685 3842 vocavit
730 3788 793 3842 et
841 3782 1169 3844 constituit

413 3880 657 3947 Jhesus
710 3882 953 3964 piscari
996 3883 1303 3947 homines,
1776 3868 2104 3935 Astrictus
2153 3872 2330 3935 cruci
2373 3871 2629 3936 funibus

1776 3973 2010 4056 dignus
2057 3971 2182 4038 deo
2232 3975 2563 4058 apostolus

411 4069 705 4137 Andreae
753 4073 921 4138 festa
968 4075 1251 4155 gerimus
1773 4076 2104 4158 pendebat
2147 4076 2335 4139 vivus
2381 4076 2573 4140 biduo

410 4195 686 4258 eumque
730 4196 930 4260 prece
978 4179 1354 4260 quaerimus,
1587 4181 1668 4243 10
1778 4175 2103 4240 Christum
2147 4176 2514 4260 praedicans
2558 4169 2805 4259 populo·

411 4286 484 4342 ut
528 4279 674 4341 coeli
720 4298 864 4343 cum
912 4281 1245 4363 clavigero

412 4378 717 4441 conciliet
759 4398 879 4443 1103
928 4380 1202 4446 domino·
1774 4363 1913 4427 NOS
1958 4359 2131 4425 ldem
2176 4361 2416 4428 Christi
2463 4361 2726 4429 famulus
2905 4337 2971 4402 25

1776 4485 1817 4528 a
1860 4465 2161 4527 vitiorum
2203 4467 2475 4530 nexibus

409 4560 727 4628 Exultans
773 4564 1005 4630 Patras
1051 4570 1280 4633 civitas
1777 4570 1990 4633 solvat
2035 4571 2420 4652 summisque
2468 4571 2705 4635 civibus

412 4666 661 4732 exultet
707 4687 850 4734 cum
893 4669 1184 4753 Achaia,
1772 4669 2131 4752 conjungat
2177 4671 2307 4734 suis
2351 4673 2666 4753 precibus.
