3175 5234
1008 685 1228 758 1072.
1298 684 1415 757 De
1469 710 1527 757 s.
1576 683 1893 759 Mai-tino
1947 685 2435 782 (troparium).

410 925 471 988 1.
535 918 965 989 Sacerdotem
1010 919 1253 989 Christi

540 1025 892 1091 Martinam

542 1136 779 1193 cuncta
822 1148 944 1212 per
991 1129 1214 1192 orbem
1261 1133 1455 1191 canat

540 1230 824 1296 ecclesia

540 1331 725 1415 pacis
770 1328 1145 1411 catholica),
1624 1330 1663 1391 5

539 1463 764 1547 Atque
809 1464 979 1528 illius
1026 1482 1258 1528 nomen

540 1562 747 1631 omnis
786 1565 1140 1633 haereticus

539 1665 750 1748 fugiat
792 1664 1091 1749 pallidus.

410 1858 471 1921 2.
535 1855 872 1922 Pannonia
915 1854 1174 1920 laetetur
1220 1855 1503 1938 genitrix

540 1960 690 2024 talis
725 1958 883 2041 filii,
1581 1958 1663 2022 10

538 2095 728 2165 Italia
771 2095 1021 2160 exultet
1065 2096 1284 2161 alitrix

539 2201 702 2265 tanti
736 2199 1003 2284 juvenis
1017 2247 1037 2282 ‚

408 2388 469 2453 3.
532 2386 620 2455 Et
665 2386 894 2451 Galliae
942 2386 1110 2450 trina
1156 2382 1390 2450 divisio

540 2507 730 2555 sacro
776 2495 984 2553 certet
1025 2486 1266 2569 litigio,

539 2592 725 2676 cujus
771 2608 918 2655 esse
966 2590 1203 2654 debeat
1246 2589 1523 2681 praesu13
1578 2591 1659 2653 15

538 2722 673 2788 Sed
719 2724 967 2807 pariter
1011 2722 1258 2787 habere
1302 2743 1377 2788 se
1405 2733 1660 2807 patrem

541 2845 764 2892 omnes
802 2826 1161 2909 gaudeant,
1210 2827 1452 2894 Turoni

539 2932 664 2996 soli
710 2932 857 3016 ejus
902 2951 1143 3018 corpus
1187 2935 1475 3000 foveant.

402 3115 464 3177 4.
526 3112 693 3179 Huic
741 3112 1143 3179 Francorum

533 3226 729 3301 atque
775 3216 1141 3282 Germaniae
1571 3219 1657 3282 20

532 3323 724 3407 plebs
769 3325 976 3387 omnis
1020 3322 1323 3407 plaudat,

531 3460 776 3538 Quibus
820 3460 1193 3526 videndum·

528 3562 778 3624 invexit
822 3560 1144 3627 dominum
1196 3574 1205 3583 '

528 3661 594 3725 in
643 3682 762 3726 sua
806 3672 1009 3727 veste.

397 3824 458 3890 ὅ.
521 3818 645 3888 Hic
691 3825 970 3889 celebris
1019 3834 1121 3889 est

529 3921 828 4010 Aegypti
872 3927 1163 4010 patribus
1183 3975 1202 4011 ,

528 4028 807 4095 Graeciae
850 4047 1109 4113 quoque

527 4133 775 4197 cunctis
819 4133 1235 4215 sapientibus,

526 4267 647 4345 Qui
690 4270 974 4352 impares
1020 4290 1093 4335 se

523 4370 791 4435 Martini
833 4374 1078 4438 meritis
1561 4380 1644 4445 30

523 4473 806 4537 sentiunt
849 4484 1042 4558 atque

526 4572 669 4656 ejus
712 4576 1135 4646 medicamini.

1768 924 1833 987 6.
1893 921 2059 986 Nam
2102 923 2326 988 febres
2371 922 2564 987 sedat

1900 1024 2360 1108 daemonesque
2403 1026 2628 1109 fugat,

1898 1130 2269 1212 paralytica
2978 1133 3046 1194 3⁵

1899 1236 2190 1299 membra
2233 1234 2549 1317 glutinat3

1902 1369 1989 1435 Et
2030 1377 2425 1434 mortuorum

1899 1491 2016 1537 sua
2059 1462 2260 1556 prece
2309 1472 2497 1537 trium

1900 1573 2116 1640 reddit
2160 1592 2443 1658 corpora

1897 1678 2052 1741 vitae
2096 1678 2409 1761 pristinae.
2973 1680 3046 1743 40

1767 1895 1826 1958 7.
1890 1891 2012 1957 Hic
2055 1894 2216 1956 ritus
2262 1891 2627 1976 sacrilegos

1898 1994 2173 2059 destruit

1898 2107 1966 2163 et
2010 2097 2094 2161 ad
2141 2094 2383 2162 Christi
2429 2098 2718 2180 gloriam

1897 2201 2012 2266 dat
2052 2201 2313 2284 ignibus
2357 2200 2550 2266 idola.

1892 2338 2016 2404 Hic
2059 2338 2249 2403 nudis
2294 2340 2605 2422 mysteria
2963 2344 3038 2406 45

1893 2443 2180 2509 brachiis
3137 2474 3138 2477 ¹

1896 2544 2247 2610 conficiens
2289 2544 2604 2630 praeditus

1896 2657 1999 2714 est
2042 2649 2292 2713 coelesti
2335 2649 2587 2713 lumine.

1762 2863 1824 2927 8.
1887 2861 2010 2927 Hic
2053 2862 2257 2927 oculis
2302 2881 2382 2927 ac
2423 2865 2730 2928 manibus

1897 2964 1964 3029 iu
2009 2962 2240 3026 coelum
2286 2970 2351 3027 et
2396 2965 2549 3028 totis
2593 2965 2866 3036 viribus
2959 2967 3034 3030 5⁰

1896 3086 2250 3151 suspensus

1894 3178 2157 3235 terrena
2203 3179 2439 3237 cuncta
2482 3172 2755 3255 respuit.

1891 3309 2057 3394 Ejus
2102 3312 2203 3375 ori
2248 3330 2570 3393 nunquam
2615 3309 2940 3379 christus

1893 3412 2099 3477 abfuit
2143 3413 2282 3475 sive
2319 3411 2604 3495 justitia,

1890 3516 2002 3579 vel
2048 3516 2352 3598 quicquid
2948 3519 3030 3582 5⁵

1893 3618 1979 3682 ad
2022 3640 2247 3714 veram
2292 3620 2493 3685 vitam
2535 3604 2856 3703 pertinet.

1566 3832 1650 3895 25
1757 3836 1818 3899 9.
1876 3832 2080 3916 Igitur
2125 3841 2190 3897 te
2237 3833 2449 3899 cuncti
2492 3834 2873 3917 poscimuS,

1890 3957 1930 4004 o
1975 3939 2289 4021 Mai-tine,

1885 4049 1957 4105 ut
2000 4042 2108 4124 qui
2154 4043 2357 4107 multa
3137 4106 3138 4129 ¹

1884 4145 2048 4208 mira
2091 4144 2198 4210 hic
2244 4144 2622 4226 ostendisti,
2947 4148 3034 4212 60

1885 4289 2097 4356 Etiam
2142 4291 2226 4355 de
2273 4292 2439 4357 coelo
2485 4292 2767 4375 gratiam

1885 4390 2131 4456 Christi
2175 4394 2365 4459 nobis

1885 4495 2254 4579 supplicatu

1884 4606 1995 4663 tuo
2040 4619 2302 4684 semper
2343 4598 2663 4673 infundas.
3137 4598 3138 4667 l
