3175 5234
2670 270 2802 336 m

199 472 533 554 Regnat-et
574 476 646 535 ut
687 468 1008 547 hilariter,
1552 462 1642 529 Ut
1683 480 1806 527 nos
1851 459 2163 525 defendat
2205 458 2548 540 miserans,

201 572 457 637 servilis
503 577 712 634 motus
755 569 994 634 fomitis
1557 567 1643 632 ad
1689 586 1889 631 aures
1928 566 2034 630 dei
2078 563 2367 645 clamita,
2717 565 2803 629 30

201 674 550 758 subjiciens
597 672 899 762 viriliter,
1556 677 1626 733 tn
1672 671 1901 735 coelnm
1949 688 2149 753 prece
2194 685 2497 732 reserans

201 776 301 840 his
345 776 688 858 imperavit
742 774 1013 838 domitis.
1177 848 1180 851 ¹
1364 773 1449 835 20
1558 769 1722 853 dmi,
1767 779 2004 853 mater,
2052 786 2275 850 soror,
2322 769 2532 834 amita.

201 963 361 1028 Haec
405 983 730 1044 nunquam
775 981 918 1027 cum
962 963 1329 1027 errantibus
1554 961 1846 1044 Dignare
1898 977 2019 1023 nos
2065 957 2193 1022 hoc
2238 957 2493 1021 nomine

201 1066 417 1132 mnndi
466 1052 750 1132 cucurrit
796 1067 1048 1153 devia„
1529 1078 1572 1127 “.
1607 1113 1620 1128 .
1807 1063 2030 1127 fratris
2076 1061 2259 1141 filiis,

202 1177 273 1235 nt
317 1167 578 1233 christo
624 1168 1081 1233 famulantibus
1559 1165 1869 1231 confirma
1914 1182 2147 1228 nomen
2195 1165 2405 1228 omine
2721 1166 2804 1228 35

200 1271 317 1335 lux
360 1279 536 1336 esset
581 1280 647 1335 et
694 1271 825 1336 dux
870 1272 1136 1355 praevia.
1548 1268 1929 1351 juvantibus
1974 1269 2248 1335 auxiliis.

201 1457 442 1525 Frater
487 1458 711 1522 andire
756 1458 970 1522 renuit
1366 1446 1449 1520 2⁴5
1558 1456 1662 1522 Sit
1708 1457 1833 1522 deo
1878 1459 2051 1541 patri
2097 1458 2345 1540 gloria,

202 1559 397 1643 hujus
442 1578 709 1642 precem
753 1560 1122 1640 sollicitam,
1559 1562 1642 1624 sit
1687 1569 1873 1640 nam,
1919 1562 2003 1624 sit
2045 1560 2399 1644 paraclite,

204 1679 397 1726 soror
441 1660 707 1725 invitum
755 1660 958 1724 tenuit
1217 1652 1222 1657 ’
1560 1664 1710 1728 dnm
1756 1664 2016 1729 famulae
2063 1666 2339 1731 victoria

200 1786 328 1849 per
370 1773 823 1849 tempestatem
872 1764 1164 1830 subitam.
1560 1766 1737 1831 cultu
1779 1766 2079 1832 laudatur
2126 1768 2363 1833 debito.
2718 1771 2806 1834 40

378 1949 476 2005 ns.
512 1967 583 2004 zu
616 1950 674 2005 S.
715 1949 857 2004 Paul
894 1950 950 2005 in
984 1949 1238 2005 Karnten
1274 1948 1380 2003 No.
1422 1950 1503 2004 13.
1541 1946 1580 2004 f.
1620 1951 1706 2004 90.
1743 1951 1843 2006 des
1882 1954 1947 2005 15
1983 1952 2179 2008 Jahrb.

386 2074 415 2125 1
456 2071 640 2125 invisa
674 2069 716 2125 f.
753 2072 902 2143 hym.
935 2071 1032 2126 Hs.
1104 2073 1140 2124 7
1175 2086 1431 2140 sequens,
1468 2070 1565 2124 Hs.
1645 2071 1679 2125 8
1716 2071 1914 2139 Maria,
1951 2071 2045 2126 Hs.
2118 2072 2188 2126 10
2221 2070 2419 2127 besser
2453 2070 2671 2128 scheint
2703 2073 2810 2129 mir

200 2157 453 2214 nexibus.
564 2161 631 2213 13
677 2159 769 2214 hic
797 2199 811 2226 ‚
864 2159 960 2213 Hs.
1065 2161 1136 2213 22
1173 2161 1459 2225 cucurret,
1509 2158 1608 2212 Hs.
1712 2161 1784 2212 24
1819 2164 1882 2213 ut
1917 2157 2051 2226 dux,
2090 2158 2184 2213 Hs.
2280 2161 2353 2213 27
2386 2176 2675 2228 sororem,
2709 2161 2807 2217 Hs.

200 2246 279 2301 28
318 2246 497 2301 subid.
535 2246 631 2300 Hs.
703 2247 776 2302 32
810 2247 1008 2316 amica,
1041 2245 1140 2301 Hs.
1211 2246 1283 2300 34
1317 2241 1464 2300 fehlt
1498 2245 1591 2299 ein
1627 2245 1806 2300 Wort
1841 2247 1988 2300 ohne
2024 2245 2208 2301 Liicke
2244 2245 2344 2300 der
2370 2246 2464 2302 Hs.
2536 2249 2608 2302 35
2645 2265 2810 2304 omne

200 2330 249 2388 f.
286 2333 485 2402 omine,
527 2334 625 2390 Hs.

384 2455 453 2509 V.
489 2456 539 2509 9.
590 2452 777 2510 fratri.
843 2455 956 2512 Der
991 2453 1044 2507 h.
1080 2453 1418 2509 Benedictus
1452 2469 1579 2509 war
1614 2454 1706 2509 ihr
1741 2453 1971 2509 Brnder.

1066 2761 1284 2837 1148.
1353 2762 1470 2835 De
1523 2786 1579 2833 s,
1634 2757 1971 2832 Sebaldo.

200 2981 492 3049 Plaudat
535 2982 687 3069 aula
731 2982 949 3065 regia,
1566 2982 2094 3065 peregrinantem
2129 2979 2411 3062 jugiter,
2773 2983 2813 3046 ὅ

200 3074 741 3168 Nnrnbergensis
790 3086 1072 3151 ecclesia
1568 3084 1678 3166 qui
1723 3089 2093 3146 sanctorum
2135 3081 2373 3145 mixtus
2420 3082 2640 3148 choris

204 3187 573 3270 suscipiens
618 3187 900 3270 hospitio
1567 3203 1689 3249 nos
1730 3186 1986 3255 illorum
2032 3182 2143 3248 det
2189 3186 2447 3249 coronis

204 3286 568 3354 Sebaldum
612 3290 680 3353 in
726 3289 920 3353 exilio
1052 3276 1067 3283 ’
1566 3287 1817 3372 perfrui
1857 3288 2251 3372 perenniter.

399 3468 517 3524 Ans
554 3468 711 3522 einer
745 3467 840 3525 ns.
878 3467 977 3523 (les
1015 3467 1366 3539 ehemaligen
1401 3466 1666 3523 Klosters
1703 3467 2056 3539 Bronnbach,
2094 3471 2161 3522 15
2197 3469 2397 3525 Jahrb.

389 3593 427 3646 2
463 3590 917 3663 Nurenbergens,
952 3591 1049 3646 Hs.

390 3711 530 3768 Eine
566 3712 822 3783 Sequenz
857 3729 974 3768 von
1008 3714 1077 3767 14
1110 3712 1398 3783 Strophen
1449 3708 1558 3766 auf
1585 3711 1780 3767 diesen
1813 3711 2070 3783 Heiligen
2105 3713 2260 3770 steht
2293 3714 2351 3769 in
2389 3715 2498 3771 (len
2532 3716 2678 3772 Acta
2711 3716 2817 3774 SS.

201 3817 338 3858 zum
387 3803 455 3856 19
489 3802 714 3872 August
759 3801 873 3855 und
918 3800 1091 3873 fangt
1139 3817 1206 3856 so
1243 3816 1341 3856 an:
1403 3799 1775 3856 concinamus
1810 3799 2041 3870 pariter.
2113 3802 2331 3858 Daraus
2368 3803 2470 3860 hat
2504 3803 2589 3859 sie
2624 3804 2823 3862 Daniel

197 3893 266 3959 2,
303 3890 427 3944 201.
464 3887 729 3945 entlehnt.
804 3886 866 3940 In
901 3886 1010 3941 den
1045 3884 1170 3942 liss.
1205 3904 1276 3941 zu
1309 3887 1615 3959 Niirnberg
1659 3884 1794 3942 fand
1828 3887 1921 3942 ich
1954 3887 2086 3945 kein
2122 3888 2273 3957 Lien,
2293 3887 2400 3945 auf
2424 3890 2540 3946 ihn.

827 4192 1042 4268 1149.
1101 4187 1229 4265 Ad
1281 4216 1337 4263 s.
1392 4189 1906 4265 Sebastianum.
1978 4195 2223 4266 oratio.

188 4414 368 4485 ,Ave
411 4422 664 4498 martyr
707 4415 1028 4499 pretiose,
1566 4410 1787 4476 ferens
1834 4415 2019 4479 nobis
2064 4433 2249 4500 spem
2294 4414 2552 4500 salutis,

191 4517 606 4587 Sebastiano
650 4515 968 4598 gloriose,
1566 4514 1720 4580 lava
1762 4516 1972 4581 labem
2021 4538 2061 4582 a
2105 4518 2370 4603 pollutis
2676 4574 2683 4583 .
2774 4523 2815 4585 5

303 4620 545 4686 sanctis
587 4638 712 4704 par
753 4619 821 4684 in
864 4618 1108 4703 gloria,
1654 4619 1997 4704 impetrata
2039 4620 2248 4687 venia,

305 4752 481 4803 noue,
512 4748 688 4798 latoln.
718 4749 964 4807 amnon.
1004 4746 1094 4793 111.
2313 4726 2401 4790 82
