3175 5234
217 475 502 561 smper
531 476 704 541 senx
751 441 822 541 ιίι
863 474 1104 542 renuis
1427 477 1467 539 s

211 577 618 663 Regulaeque
661 586 797 644 stes
839 580 1126 645 victricis

301 685 463 749 fulta
510 684 873 768 patrocinio
890 731 909 765 ,

215 808 372 852 vere
420 789 617 871 digne
661 797 733 852 tu
777 787 1037 852 vocaris

214 889 605 975 'Pu-regum,
651 910 797 957 cum
839 892 937 957 sic
978 890 1204 957 ditaris

300 994 608 1060 thesauro
654 1002 784 1061 tam
827 996 1031 1079 regio.
1383 997 1464 1060 10

210 1176 446 1245 Edicto
490 1180 868 1247 Maximiani

209 1281 540 1346 inhumani
584 1292 649 1348 et
695 1286 952 1366 vesani,
1032 1323 1035 1327 ι

299 1385 519 1450 occiso
563 1385 869 1452 Maur-itio
888 1434 907 1470 ,

211 1485 364 1551 dum
402 1488 685 1554 nesciret
724 1491 883 1556 urbs
928 1490 1252 1574 Turegum

211 1588 387 1655 ferre
426 1589 657 1674 jugum
700 1593 881 1675 regis
926 1614 1154 1676 regum
1379 1600 1459 1661 15

296 1693 581 1777 praeside
626 1698 749 1761 sub
791 1695 1022 1779 Decio,

207 1878 295 1946 Hi
340 1878 607 1948 Thebaei
651 1891 856 1948 testes
901 1882 1038 1967 dei,

210 2004 358 2068 quae
403 1994 550 2050 sunt
593 1985 735 2068 dei,
780 1986 1060 2054 reddunt
1103 1990 1198 2070 ei,

297 2086 452 2152 fidei
495 2091 826 2173 praeconia
843 2138 861 2167 ,

209 2188 553 2271 captivati,
600 2191 917 2256 carcerati
938 2238 956 2272 ,
1221 2255 1224 2256 γ
1374 2194 1458 2258 20

207 2293 328 2357 sed
371 2293 588 2358 invicti
635 2302 782 2357 sunt
826 2293 1048 2368 afflicti

294 2396 515 2479 longae
550 2396 736 2462 famis
780 2395 994 2462 taedio.

206 2582 293 2648 Et
337 2583 485 2648 dum
523 2592 784 2649 manent
825 2583 1165 2667 indeflexi,

213 2693 378 2751 τοίω
419 2685 578 2750 ferri
621 2694 772 2750 sunt
813 2686 1067 2770 inflexi,

295 2788 623 2854 stridentis
666 2789 947 2855 incendii
1371 2793 1456 2855 25

206 2894 513 2959 bulliente
559 2895 1030 2979 perfunduntur

207 2997 500 3081 plumbo,
545 2999 726 3083 pice,
770 3017 893 3065 nec
937 2999 1258 3066 laeduntur

296 3100 365 3163 vi
408 3102 567 3164 tanti
611 3103 926 3186 supplicii.

201 3287 405 3354 Videt
449 3299 656 3356 tortor
700 3300 767 3355 et
810 3292 1112 3390 tabescit,

203 3392 381 3475 quod
427 3395 525 3459 vis
571 3394 738 3476 ignis
782 3413 1011 3479 poenas
1056 3397 1288 3478 nescit,
1369 3397 1453 3461 30

294 3506 525 3561 cuncta
568 3505 830 3581 stupent
872 3499 1151 3581 saecula3

199 3619 479 3683 quaeque
525 3610 673 3665 sunt
715 3603 1082 3684 acerbiora,

197 3700 394 3767 melle
440 3702 562 3766 sibi
604 3700 896 3769 dulciora

288 3806 432 3870 fore
477 3805 712 3870 clamat
756 3805 1027 3889 Regula.

191 3994 469 4080 Hostes,
515 4000 744 4081 quibus
789 4000 1276 4082 quaerebantur,
1367 3999 1451 4061 35

197 4098 461 4182 vident,
507 4100 626 4165 sed
670 4120 800 4167 non
844 4100 1230 4166 videbantur

288 4204 484 4268 caecis
531 4225 651 4287 per
697 4207 992 4271 acrisiam
1012 4253 1029 4288 ,

1571 485 1805 562 sponte
1849 430 2064 543 tamen
2109 495 2181 541 se
2227 476 2547 543 dederunt

1570 579 1768 664 lupis,
1814 598 1975 645 oves
2021 581 2394 645 obtulerunt

1654 679 1921 768 Christo
1963 681 2223 764 dimam
2268 679 2562 748 lio-tiam.

1569 870 2023 952 Denudantur,
2066 867 2511 952 flagellantur,

1569 983 1795 1040 sancta
1840 973 2107 1041 canibus
2150 972 2473 1040 donantur
2495 1021 2510 1049 ,

1567 1080 1876 1163 pretiosae
1919 1077 2292 1160 margaritae

1567 1182 1822 1266 spurcis
1865 1181 2082 1263 porcis
2126 1196 2253 1243 non
2299 1177 2523 1242 invitae

1654 1289 2033 1366 rumpuntur
2076 1279 2370 1344 feliciter.

1565 1469 1742 1547 Quos
1786 1489 1906 1533 rex
1947 1468 2096 1532 coeli
2136 1466 2337 1532 Jesus
2378 1466 2533 1530 mite

1562 1580 1762 1637 vocat
1805 1570 2064 1636 dicens:
2113 1569 2281 1654 „huc
2324 1569 2569 1650 venite,

1563 1677 1769 1759 patris
1813 1677 1938 1739 mei
1982 1675 2308 1741 benedicti
2328 1724 2345 1757 ,

1563 1801 1694 1866 quo
1739 1784 2026 1866 regnetis
2070 1790 2141 1847 ut
2183 1783 2405 1847 invicti

1652 1907 1797 1953 cum
1840 1888 2083 1954 sanctis
2127 1881 2558 1971 perenniter.“

1563 2047 1769 2134 Instat
1806 2065 2065 2130 tandem
2109 2066 2291 2133 furor
2334 2066 2550 2145 dirus,

1562 2170 1817 2254 profert
1859 2168 2004 2234 duri
2047 2168 2264 2236 cordis
2304 2169 2484 2234 virus
2508 2216 2526 2250 ,

1555 2272 1797 2357 jubens
1811 2318 1829 2354 ‚
1877 2279 1949 2335 ut
1992 2270 2184 2335 electi
2229 2270 2337 2335 dei

1651 2381 2025 2440 truncentur
2068 2372 2422 2456 capitibus5

1563 2539 1685 2618 Qui
1729 2539 2002 2605 truncati
2048 2545 2498 2616 surrexerunt,

1560 2644 1730 2708 ulnis
1773 2645 1991 2728 capita
2037 2643 2319 2707 tulerunt

1560 2746 1624 2810 in
1671 2754 2115 2829 argumentum
2161 2743 2315 2810 fidei

1648 2848 2078 2932 quadraginta
2123 2847 2445 2934 passibus.

1559 3014 1725 3080 Jesu
1768 3016 1972 3096 bone,
2010 3011 2095 3078 da
2137 3031 2466 3097 pugnare,

1559 3117 1824 3183 fraudes
1867 3116 2075 3180 hostis
2121 3134 2437 3199 superare

1646 3219 1839 3304 hujus
1881 3204 2035 3284 vit'ae
2079 3217 2323 3294 stadio,

1557 3323 1757 3388 vitam
1800 3329 2087 3386 nostram
2127 3318 2432 3402 regulare

1556 3423 1960 3507 Regulaeque
2005 3422 2410 3487 conformare

1645 3527 1731 3592 da
1775 3526 1920 3611 ejus
1963 3525 2294 3608 suffragio.

1558 3691 1816 3758 Sortem
1866 3690 1953 3755 da
1998 3689 2324 3755 felicitatis

1556 3817 1679 3880 per
1719 3794 2038 3877 Felicem,
2084 3812 2226 3859 cum
2270 3792 2481 3858 beatis

1633 3900 1845 3983 junge
1891 3917 2010 3964 nos
2056 3897 2362 3976 feliciter,

1555 4001 1664 4067 fac
1704 4009 1777 4067 ut
1819 4009 2027 4066 tecum
2071 3998 2424 4082 gloriemur

1545 4101 1966 4185 ,iucundeque
2010 4097 2517 4182 contemplemur

1642 4214 1708 4269 te
1753 4201 2273 4288 praesentialiter.

2729 1276 2815 1340 45

2728 2532 2812 2616 ⁵³

2726 3112 2813 3177 60

2724 3689 2810 3752 65

2722 4197 2808 4262 70

377 4387 473 4443 Hs.
512 4404 580 4443 zu
616 4387 675 4445 S.
713 4388 928 4446 Gallen.
961 4390 1068 4447 No.
1105 4392 1227 4446 546.
1266 4386 1305 4446 f.
1341 4391 1465 4446 173.
1501 4392 1570 4445 15
1604 4388 1809 4446 Jahrh.
1858 4387 1961 4442 mit
1994 4385 2095 4440 der
2128 4381 2387 4439 unledin»
2455 4379 2655 4437 Dieses
2691 4378 2807 4436 und

205 4471 309 4530 das
345 4471 615 4548 fulgendo
650 4473 788 4530 Lied
824 4476 1058 4532 wurden
1093 4473 1189 4532 fu'r
1224 4477 1316 4532 die
1341 4474 1710 4536 Stiftskirche
1744 4469 1817 4531 iu
1843 4473 2051 4531 zurich
2084 4469 2360 4543 gemacht.
2427 4469 2646 4525 Ausser
2683 4466 2808 4523 den

204 4561 467 4637 Eingang
500 4564 729 4621 besteht
769 4564 871 4620 das
905 4564 1045 4621 Lied
1079 4582 1181 4621 aus
1217 4567 1254 4621 6
1289 4566 1514 4624 Paaren
1545 4580 1665 4621 von
1697 4560 2241 4631 Parallelstrophen.
2314 4555 2447 4630 Vgl.
2479 4554 2589 4612 No.
2624 4555 2746 4609 6⁰1.

381 4687 452 4742 28
489 4689 547 4743 vi
580 4684 727 4745 fehlt
762 4690 864 4745 der
899 4689 994 4744 lis.
1083 4692 1153 4743 45
1190 4693 1498 4761 rumpente,
1533 4687 1630 4742 Hs.
1708 4688 1779 4740 46
1812 4685 1966 4754 ἔσει,
2001 4682 2098 4738 Ha.
2184 4681 2257 4737 ΕΘ
2289 4678 2416 4736 ben.
2449 4683 2565 4752 pat.
2590 4694 2668 4734 -ιιι,
2702 4678 2803 4735 Hs.
