3175 5234
397 282 527 346 112

402 466 455 531 Ο
500 465 736 528 dilecte
782 473 923 546 prae
968 462 1236 542 ceteriS,
1763 468 1832 524 tu
1877 459 1986 540 qui
2031 457 2237 538 colli8,
2282 455 2408 520 duc
2454 455 2540 520 ad
2583 463 2891 537 montem,

402 567 759 644 Christum,
808 584 846 628 a
895 581 1022 647 quo
1070 562 1394 645 diligeris,
1758 572 2005 647 praesta
2050 581 2359 646 sponsum

400 668 822 751 interpellans
1767 663 1849 727 ad
1895 663 2242 727 videndum
2946 663 3039 724 35

402 780 470 835 et
515 788 796 833 exorans
1574 765 1658 826 30
1764 766 1953 846 virgo
2001 772 2172 828 totus
2217 764 2447 846 gratia.

404 892 523 936 nos
573 872 634 934 ei
678 870 965 935 concilia.

1764 951 2024 1037 Sponso
2069 953 2214 1017 laus
2258 974 2379 1036 per
2417 952 2656 1016 secula.

406 1033 502 1098 Tu
549 1034 657 1116 qui
701 1033 906 1114 rivu8‚
954 1030 1079 1095 duc
1125 1030 1211 1095 ad
1254 1031 1524 1109 fontem,

579 1222 676 1275 Hs.
716 1238 784 1275 zu
821 1220 985 1286 Bern,
1022 1217 1148 1271 hist.
1183 1219 1254 1269 47
1292 1232 1394 1270 aus
1431 1215 1554 1268 dem
1598 1216 1665 1267 14
1699 1214 1895 1269 Jahrb.
1970 1213 2135 1266 Diese
2172 1212 2427 1282 Sequenz
2466 1213 2561 1266 hat
2595 1210 2648 1265 in
2690 1210 2869 1264 ihrem
2902 1209 3035 1264 Bau

401 1309 798 1366 Aehnlichkeit
832 1307 931 1361 mit
968 1304 1146 1358 einem
1182 1304 1385 1357 Kanon
1421 1319 1536 1358 von
1573 1301 1906 1372 Troparien.

580 1433 612 1484 8
656 1429 911 1499 angeluS,
947 1427 1040 1481 Hs.
1118 1428 1185 1478 17
1220 1425 1474 1492 miratur,
1510 1425 1608 1479 Hs.
1684 1425 1751 1478 18
1788 1425 1985 1479 besser
2022 1426 2182 1479 ware
2221 1424 2501 1479 tormenti.

581 1549 646 1601 V.
689 1553 735 1601 1.
794 1547 1101 1602 trinitatem
1139 1550 1396 1613 reserat,
1450 1544 1569 1599 dies
1620 1544 1768 1597 wird
1822 1545 1874 1598 in
1914 1544 2017 1598 den
2058 1546 2291 1599 Menaen
2328 1544 2573 1598 erklart:
2634 1542 2694 1598 τὸ
2732 1540 2881 1616 ἀρχῇ
2923 1547 3029 1615 μὲν

406 1642 568 1707 ἔφησε
606 1633 703 1690 τοῦ
740 1633 923 1703 λόγου,
961 1624 1134 1693 αὖθις
1171 1633 1230 1685 δὲ
1268 1631 1329 1686 τὸ
1368 1630 1511 1706 πρὸς
1551 1629 1645 1685 τὸν
1682 1633 1894 1703 πατέρα
1925 1628 2253 1702 ἀχώριστον,
2292 1634 2381 1685 καὶ
2408 1630 2469 1685 τὸ
2499 1624 2635 1698 ἶσον,
2679 1630 2816 1701 μετὰ
2844 1630 3035 1686 ταῦτα

406 1724 501 1793 τῆς
531 1722 626 1778 τοῑ
651 1720 862 1794 πατρὸς
890 1716 1110 1780 οὐσίας·
1151 1715 1406 1773 δεικνύων
1443 1718 1570 1787 ῆμῖν
1610 1717 1683 1772 δι’
1719 1714 1890 1772 αὐτοῦ
1926 1716 2020 1789 τὴν
2061 1714 2405 1790 ὀρθοδοξίαν
2439 1717 2535 1786 τῆς
2573 1717 2739 1793 ἁγίας
2776 1717 3033 1793 τριάδος.

408 1811 535 1865 Mai.
573 1809 620 1862 8.
690 1808 877 1861 Daher
925 1807 1103 1860 heisst
1151 1822 1212 1859 es
1267 1806 1412 1859 auch
1451 1804 1605 1874 Sept.
1642 1805 1729 1858 26.
1803 1802 2030 1879 γράψας
2080 1802 2207 1874 ἡμῖν
2262 1804 2323 1859 τὸ
2373 1805 2621 1881 Χριστοῦ
2670 1808 3032 1879 ἐυαγγέλιον.

410 1899 696 1970 θεολογεῖν
745 1897 836 1950 τὸν
883 1899 1094 1969 πατέρα
1150 1897 1239 1947 καὶ
1295 1893 1387 1948 τὸν
1437 1892 1554 1947 ὖιόν
1606 1896 1695 1946 καὶ
1733 1890 1794 1947 τὸ
1838 1890 2052 1962 πνεῦμα
2092 1892 2458 1958 ἐξεπαίδευσε.
2530 1890 2629 1962 τῆς
2664 1892 2893 1966 τριάδος
2934 1892 3034 1963 τὴν

408 1982 609 2056 γνῶσιν
659 1980 932 2057 ἀριὸήλως
980 1979 1121 2036 πᾶσι
1174 1988 1287 2042 τοῖς
1331 1984 1552 2034 ἔθνεσίν
1591 1976 1829 2053 ἐκήρυξε.
1903 1977 2271 2049 Evangelista
2308 1979 2593 2033 Johannes
2633 1980 2790 2034 velut
2826 1979 3035 2050 aquila

407 2075 569 2128 volat
605 2074 774 2127 altius
813 2072 1220 2141 caliginemque
1259 2076 1430 2124 terrae
1469 2069 1837 2135 transcendit,
1876 2074 1934 2122 et
1968 2068 2146 2121 lucem
2184 2068 2443 2122 veritatis
2473 2065 2814 2122 firmioribus
2836 2068 3029 2128 oculis

409 2162 675 2215 intuetur.
729 2161 991 2228 Auyustin.
1029 2158 1086 2211 in
1125 2173 1326 2227 evang.
1362 2157 1493 2211 Joh.
1531 2158 1582 2224 3,
1624 2157 1705 2208 15.
1744 2157 1777 2220 §
1808 2158 1855 2208 1.
1929 2154 2006 2207 Er
2057 2154 2205 2207 wird
2252 2155 2396 2209 auch
2450 2154 2543 2208 bei
2589 2154 2693 2208 den
2744 2153 3029 2210 Griecheu

407 2248 508 2301 mit
544 2247 669 2301 dem
707 2247 884 2301 Adler
921 2245 1264 2315 abgebildet.
1321 2245 1516 2298 Horar.
1557 2242 1674 2294 176.
1712 2242 1854 2296 nach
1883 2241 2084 2295 Ezech.
2124 2244 2173 2308 1,
2215 2243 2301 2294 10.

583 2334 653 2387 V.
689 2336 739 2385 2.
792 2348 1033 2385 summus
1071 2329 1442 2399 evangelista,
1482 2328 1660 2382 daher
1697 2328 1753 2380 in
1791 2329 1895 2381 den
1933 2329 2166 2382 Menaen
2204 2329 2466 2396 θεμέλιος
2492 2326 2598 2382 τῶν
2626 2331 2797 2382 θείων
2826 2326 3030 2404 λόγων,

410 2417 653 2492 ἀρχηγὸς
691 2417 786 2487 τῆς
827 2417 1136 2489 θεολογίας.
1191 2415 1318 2470 Mai.
1355 2417 1404 2468 8.
1471 2413 1649 2489 κῆρυξ
1683 2413 2007 2490 πρώτιστος.
2044 2414 2118 2467 ib.
2199 2414 2504 2469 altissimus
2541 2414 3028 2486 evangelistarum

409 2507 515 2561 dei.
578 2507 804 2559 Anselmi
840 2508 984 2557 orat.
1021 2504 1104 2555 67.

589 2590 656 2644 V.
686 2594 735 2643 4.
794 2589 1217 2644 Transcendens
1254 2588 1575 2642 universam
1613 2594 1948 2658 creaturam,
1988 2588 2387 2644 transcendens
2417 2590 2619 2658 omnia,
2656 2590 2713 2644 in
2740 2592 3028 2662 principio

411 2682 642 2735 verbum
681 2679 822 2733 vidit
857 2684 915 2731 et
951 2677 1121 2745 bibit;
1196 2692 1367 2746 super
1405 2692 1624 2730 omnem
1662 2684 1978 2733 creaturam
2019 2677 2187 2746 vidit,
2242 2676 2309 2731 de
2347 2684 2580 2748 pectore
2618 2679 2829 2733 domini
2863 2678 3028 2734 bibit.

411 2769 468 2824 S.
503 2769 775 2835 Anqustini
821 2780 1007 2818 sermo
1050 2766 1177 2830 120,
1221 2767 1266 2816 1.
1337 2763 1789 2819 Transcenderat
1826 2765 2013 2820 omnia
2050 2766 2338 2819 cacumina
2375 2770 2681 2833 terrarum,
2735 2770 3029 2820 transcen-

412 2853 576 2907 derat
611 2866 802 2905 omnes
841 2866 1070 2919 campos
1109 2850 1287 2917 aeria,
1344 2850 1773 2904 transcenderat
1809 2867 2002 2905 omnes
2040 2851 2367 2906 altitudines
2404 2851 2676 2919 siderum,
2734 2859 3027 2906 transcen-

412 2940 576 2994 derat
613 2955 803 2993 omues
840 2938 1050 2991 choros
1089 2942 1147 2990 et
1183 2936 1440 3006 legiones
1478 2936 1827 3007 angelorum.
1884 2938 1991 2992 nisi
2029 2939 2175 2992 enim
2211 2938 2640 2993 transcenderet
2674 2939 2784 2993 ista
2818 2939 3026 3005 omnia,

411 3043 536 3098 quae
575 3031 769 3079 creata
806 3029 952 3090 sunt,
991 3039 1102 3077 non
1136 3022 1465 3093 perveniret
1500 3025 1573 3077 ad
1612 3039 1752 3090 eum,
1789 3040 1894 3094 per
1930 3041 2089 3094 quem
2128 3023 2283 3080 sacta
2319 3032 2448 3080 sunt
2485 3025 2684 3080 omnia.
2735 3028 2948 3093 August.
2967 3027 3026 3078 in

408 3115 538 3169 Joh.
569 3128 769 3182 evang.
799 3114 846 3178 1,
876 3113 924 3165 5.

585 3199 648 3253 V.
687 3201 770 3252 21.
818 3198 1027 3270 Virgo,
1081 3201 1397 3272 παρθένος,
1462 3197 1641 3252 heisst
1674 3198 1964 3252 Johannes
2015 3199 2156 3252 auch
2206 3199 2583 3269 regelmassig
2631 3197 2687 3251 in
2734 3198 2838 3250 den
2879 3198 3025 3252 Tro·

408 3286 621 3355 parien.
678 3285 821 3341 Goar
859 3286 915 3341 S.
954 3287 1074 3340 336.
1149 3286 1208 3341 ln
1261 3286 1366 3341 den
1414 3285 1650 3341 Menaen
1706 3286 1851 3339 auch
1901 3285 2024 3339 eine
2073 3284 2278 3339 andere
2326 3284 2692 3355 Verbindung
2743 3282 3022 3359 θεολόγοι·

406 3374 712 3446 παρθένος.
760 3373 915 3443 Sept.
951 3374 1035 3427 26.

937 3652 1106 3725 704.
1181 3653 1267 3723 ln
1313 3653 1672 3725 nativitate
1727 3679 1783 3725 s.
1837 3652 2195 3725 elohannis
2241 3678 2491 3754 evang.

412 3850 757 3916 sollemnis
804 3853 942 3917 dies
990 3853 1284 3934 advenit,
1772 3855 1972 3931 Quem
2023 3874 2213 3921 sacro
2259 3876 2456 3940 super
2500 3867 2768 3941 pectore

412 3974 540 4038 quo
580 3957 771 4039 virgo
819 3957 1051 4021 coelum
1097 3957 1311 4040 petiit,
1770 3967 1881 4021 tuo
1927 3958 2090 4022 facis
2137 3962 2517 4023 recumbere
2942 3967 3027 4031 10

410 4063 818 4147 evangelista
862 4062 1203 4142 maximae,
1769 4061 1991 4125 ultima
2036 4062 2097 4124 in
2144 4081 2359 4145 cuma,
2408 4063 2692 4145 domine,

408 4168 745 4233 Johannes
794 4174 859 4229 et
905 4165 1259 4248 apostolae.
1770 4182 1959 4245 quam
1996 4169 2310 4246 patereris
2350 4168 2572 4247 pridie.

408 4330 576 4395 Hinc
622 4340 777 4396 vota
820 4332 1032 4397 laudis
1076 4333 1336 4398 solvere
1623 4334 1660 4393 5
1770 4323 1892 4389 Cui
1936 4333 2206 4387 matrem
2254 4327 2369 4389 tali
2411 4326 2659 4393 foedere

411 4440 477 4496 et
522 4432 828 4514 hymnum
872 4437 1070 4517 gestit
1114 4454 1417 4518 promere
1768 4427 1993 4490 mortis
2040 4428 2382 4511 conjungis
2427 4439 2753 4515 tempore,

412 4535 679 4600 caterva
723 4538 929 4599 nostri
973 4537 1216 4602 ordinis
1769 4537 1840 4592 ut
1884 4531 2185 4594 noverint
2229 4550 2300 4594 se
2349 4535 2570 4598 colere
2948 4538 3025 4600 15

409 4636 658 4701 honore
706 4638 868 4701 tanti
911 4638 1175 4702 coelibis,
1770 4640 1991 4701 metris
2036 4658 2116 4704 ac
2160 4642 2367 4723 prolis
2416 4643 2691 4706 nomine.
