3175 5234
427 440 517 510 Ut
560 457 848 507 memus
891 454 1152 522 semper
1195 432 1519 500 Christum

428 554 498 612 et
540 559 922 630 spernamus
967 538 1271 606 mundum
1312 536 1504 600 istum

517 664 664 713 cum
705 644 841 710 suis
884 640 1214 708 blanditiis
1227 685 1246 720 ,
1598 634 1678 696 15

429 749 613 814 virus
656 745 871 812 carnis
916 749 1326 809 conteramus

431 859 856 932 satanamque
897 853 1390 931 prosternamus

519 972 665 1021 cum
706 950 840 1018 suis
880 948 1177 1015 fallaciis.

431 1142 597 1211 Dele
640 1140 929 1224 culpam,
976 1136 1062 1201 da
1105 1134 1439 1212 virtutem,

431 1245 608 1331 pelle
652 1245 943 1308 morbum
964 1288 981 1322 ,
1032 1237 1118 1301 da
1162 1235 1467 1315 salutem,
1600 1230 1684 1294 20

520 1363 768 1432 pravos
812 1360 1028 1408 mores
1075 1339 1375 1420 corrige;

433 1449 589 1515 leva
629 1448 884 1531 lapsos,
929 1444 1081 1508 t'ene
1126 1446 1373 1505 stantes

434 1558 508 1617 et
550 1549 850 1615 conforta
894 1545 1278 1610 vacillantes

524 1656 948 1732 errantesque
995 1647 1225 1730 dirige.

436 1837 840 1907 Praedicator
882 1833 1216 1916 veritatis,
1602 1828 1687 1891 25

440 1942 552 2028 qui
595 1939 902 2006 doctores
946 1936 1249 2001 falsitatis

527 2043 923 2111 convincens
967 2039 1312 2104 haereticos

439 2154 614 2218 viam
658 2151 816 2214 vitae
862 2146 1138 2212 docuisti

440 2265 510 2322 et
550 2256 619 2320 in
662 2252 796 2318 fide
839 2251 1004 2319 Jesu
1050 2246 1294 2313 Christi

526 2353 824 2420 formasti
868 2351 1246 2448 catholicos.
1604 2345 1688 2409 30

438 2546 723 2632 Propter
767 2541 944 2627 quod
981 2560 1103 2626 per
1148 2538 1356 2603 diram
1400 2543 1674 2601 mortem

442 2648 741 2716 Christus
784 2647 941 2713 fecit
986 2651 1052 2709 te
1097 2647 1463 2708 consortem

530 2766 960 2834 supernorum
1004 2746 1239 2811 civium

443 2858 516 2917 et
554 2852 623 2915 in
666 2865 876 2931 regno
922 2847 1235 2912 claritatis

352 3026 357 3030 ,
443 2954 563 3020 tibi
605 2950 788 3019 dedit
831 2970 976 3018 cum
1023 2951 1232 3017 beatis
1608 2946 1694 3010 35

533 3052 994 3138 sempiternum
1038 3049 1360 3133 gaudium.

1781 422 1966 510 Ergo
1978 471 1997 507 ‚
2040 430 2234 509 pater
2247 470 2267 505 ,
2310 420 2397 486 de
2438 418 2782 506 profundo

1785 527 2003 593 cordis
2043 545 2169 592 nee
2211 543 2345 591 non
2389 543 2508 591 ore
2547 522 2806 589 mundo

1815 682 1826 687 -
1870 639 1940 696 ω
1981 646 2290 713 l'ossmm
2333 628 2588 707 iflfime,
3107 660 3108 711 J

1783 742 1856 801 ut
1897 740 1964 798 te
1998 733 2184 797 nobis
2226 738 2673 817 protectorem
2971 728 3036 788 40
3107 770 3108 773 ,

1785 837 2089 920 praebeas
2133 842 2202 899 et
2245 833 2660 898 defensorem
2678 877 2700 912 ,
3107 812 3108 835 ³

1872 943 2124 1019 martyr
2159 935 2607 1000 invictissime.

1786 1127 2148 1213 Impetrare
2192 1127 2381 1193 nobis
2426 1126 2592 1189 velis
2609 1173 2627 1206 ,

1787 1250 1873 1296 ne
1915 1248 2035 1295 nos
2078 1236 2266 1294 satan
2310 1229 2444 1294 suis
2487 1227 2642 1293 telis

1874 1332 2216 1417 perforare
2259 1331 2515 1412 valeat,
2969 1332 3034 1392 4⁵

1790 1437 1912 1504 sed
1954 1437 2009 1502 si
2055 1444 2262 1502 tentet
2306 1435 2393 1500 ad
2437 1434 2790 1517 delictum,

1790 1557 1911 1604 nos
1958 1539 2246 1603 victores
2292 1545 2361 1601 et
2404 1555 2477 1600 se
2520 1537 2780 1602 victum

1871 1643 1945 1705 in
1990 1648 2303 1706 aeternum
2348 1638 2586 1703 doleat.

1789 1829 1922 1897 Pro
1969 1829 2194 1894 amicis
2239 1828 2480 1892 nostris
2525 1826 2792 1892 cunctis

1792 1930 2008 1997 adhuc
2049 1931 2222 1995 vivis
2270 1938 2338 1995 et
2383 1929 2709 1994 defunctis
2967 1930 3027 1989 50

1878 2052 2188 2117 rogamus
2233 2034 2613 2117 suppliciter
2626 2080 2648 2114 ‚

1793 2145 1867 2205 ut
1907 2139 2209 2202 viventes
2255 2134 2565 2201 custodiri

1795 2249 1864 2308 et
1908 2242 2247 2307 defunctos
2290 2259 2421 2307 non
2464 2242 2679 2325 puniri

1881 2363 2198 2430 procures
2245 2347 2639 2430 perenniter.

1796 2531 2103 2598 Ordinem
2144 2532 2650 2616 praedicatorum
2974 2536 3037 2595 55

1797 2638 1880 2701 ab
1921 2636 1988 2699 in
2033 2654 2227 2700 cursu
2270 2635 2706 2719 malignorum

1886 2737 2253 2805 daemonum
2297 2747 2363 2804 et
2411 2739 2744 2804 hominum

1798 2840 1909 2908 hic
1953 2849 2138 2907 tuere
2181 2849 2251 2907 et
2293 2841 2568 2907 emenda

1800 2951 2036 3010 statum
2081 2945 2225 3030 ejus
2274 2952 2341 3010 et
2388 2943 2791 3012 commenda

1889 3067 2147 3133 semper
2193 3048 2370 3134 apud
2410 3048 2767 3113 dominum.
2979 3050 3040 3111 ὅθ

619 3238 717 3297 nn.
755 3235 1004 3293 ehemals
1042 3250 1113 3289 zu
1146 3231 1468 3290 Amorbach
1505 3246 1622 3286 von
1658 3230 1814 3284 1456.

620 3379 656 3432 6
691 3377 867 3434 Theb.
905 3373 1002 3431 ffir
1038 3372 1306 3446 Aegypti.
1342 3371 1555 3427 Naso.
1579 3372 1667 3426 31.
1701 3368 1807 3427 No.
1824 3369 1950 3439 613,
1962 3369 2043 3423 10.
2083 3370 2153 3424 14
2179 3385 2519 3441 spernemus,
2555 3367 2655 3423 ns.
2729 3368 2813 3424 38
2841 3370 2948 3439 ori,
2968 3367 3036 3425 ns
3107 3404 3108 3407 =

1079 3657 1298 3731 1125.
1376 3657 1466 3728 In
1516 3655 1699 3728 {esto
1747 3679 1804 3726 s.
1858 3653 2063 3726 Petri
2114 3658 2457 3757 martyris.

471 3860 558 3927 ad
602 3875 900 3944 vesperas
944 3875 1134 3941 super
1169 3858 1453 3941 psalmos
1494 3862 1664 3925 anti-

952 3960 1182 4046 phona-

448 4100 828 4169 Oollaetetur
874 4106 1065 4170 turba
1107 4102 1392 4167 fidelium

445 4206 898 4291 triumphantis
945 4205 1210 4299 athletae
1256 4205 1530 4289 gaudio,

446 4310 557 4391 qui
602 4328 1000 4375 conservans
1044 4310 1312 4393 pudoris
1355 4310 1557 4376 lilium

447 4419 518 4475 et
563 4429 917 4478 coruscans
963 4412 1279 4478 doetrinae
1314 4411 1511 4478 radio

448 4511 600 4576 dum
642 4532 764 4597 pro
810 4515 943 4579 fide
990 4517 1162 4582 subit
1204 4516 1607 4599 martyrium,
1655 4517 1695 4580 5

445 4611 618 4678 trino
662 4614 820 4678 felix
862 4614 1107 4695 potitur
1150 4617 1400 4682 bravio.

2187 3886 2675 3969 responsorium.

1800 4048 1966 4115 Dum
2012 4045 2390 4131 Sampsonis
2435 4045 2670 4129 vulpes
2722 4048 2981 4129 quaerit,

1888 4155 1973 4234 ab
2015 4150 2248 4232 iniquis
2293 4149 2562 4231 emitur,

1801 4261 1999 4339 caput
2038 4272 2294 4318 sacrum
2336 4252 2529 4318 lictor
2572 4251 2728 4315 ferit
2740 4301 2762 4335 ‚

1879 4357 2043 4443 justi
2088 4357 2352 4438 sanguis
2395 4352 2727 4435 funditur,
2979 4354 3039 4416 1⁰

1802 4462 1899 4527 sic
1940 4460 2245 4545 triumphi
2287 4458 2567 4544 palmam
2611 4458 2828 4539 gerit,

1891 4563 2038 4630 dum
2082 4581 2207 4647 pro
2253 4560 2384 4627 fide
2428 4559 2721 4625 moritur.
