3175 5234
374 280 461 344 02

801 460 1113 524 Matthaee
1158 467 1399 537 sancte,
1443 459 1596 520 bino
1640 455 1894 537 pollens
1942 473 2242 535 munere,
2907 454 2982 514 25

801 563 1042 627 sedulis
1086 562 1310 627 Jesum
1355 558 1702 642 interpella
1748 557 2080 640 precibus,

803 676 871 731 ut
918 685 1035 730 nos
1080 666 1143 728 in
1190 662 1409 729 mundi
1453 664 1776 744 gubernet
1822 660 2207 741 turbinibuS,

795 792 876 835 ne
923 779 1074 853 post
1121 776 1402 832 aeternus
1448 768 1716 829 sorbeat
1758 763 2072 826 interitus.

798 943 1003 1007 Beate
1050 939 1271 1004 Simon
1318 948 1384 1002 et
1431 936 1763 1001 Thaddaee
1809 937 2058 1018 inclite,

802 1046 1048 1112 cernite
1090 1050 1348 1108 nostros
1391 1042 1670 1124 gemitus
1716 1059 1859 1105 cum
1905 1038 2192 1119 fletibus,
2907 1043 2980 1103 30

802 1149 1037 1230 quique
1082 1167 1202 1230 per
1247 1146 1502 1227 lapsum
1548 1156 1992 1226 promeremur
2039 1140 2443 1223 barathrum,

802 1272 926 1335 per
969 1268 1089 1313 vos
1136 1249 1445 1313 coelorum
1490 1260 1854 1309 mereamur
1898 1244 2154 1308 aditum.

802 1422 1078 1487 Matthia
1114 1419 1293 1503 juste
1342 1417 1644 1482 duodeno
1691 1417 1854 1480 solio
3113 0 3150 1479 i

806 1524 1101 1587 residens
1147 1532 1355 1603 sorte,
1400 1541 1520 1585 nos
1559 1543 1598 1583 a
1644 1521 1890 1584 cunctis
1938 1521 2208 1583 nexibus

804 1628 989 1690 solve
1034 1626 1325 1708 peccati,
1372 1645 1552 1686 verae
1603 1623 1764 1686 lucis
1811 1621 2064 1703 gaudiis
2905 1629 2973 1687 35

805 1747 931 1810 quo
978 1728 1385 1811 perfruamur
1422 1726 1545 1788 tuis
1595 1725 1834 1787 sanctis
1880 1724 2200 1806 precibus,

3170 2604 3172 2631 1

805 1900 1070 1982 Annne,
1119 1898 1407 1980 Christe,
1456 1900 1844 1963 saeculorum
1882 1899 2170 1980 domine,

811 2005 995 2069 nobis
1041 2025 1161 2088 per
1208 1990 1433 2067 horu'm
1482 2004 1598 2068 tibi
1642 2021 1797 2067 cara
1843 2003 2104 2083 merita,

807 2118 877 2173 ut
923 2109 1029 2190 qui
1076 2118 1141 2172 te
1187 2126 1405 2172 coram
1453 2107 1749 2189 graviter
1794 2105 2198 2187 deliquimus,

811 2214 1035 2277 horum
1084 2213 1414 2281 solvamur
1458 2211 1765 2293 gloriosis
1810 2212 2129 2295 precibus.
2913 2216 2981 2276 40

808 2382 1047 2465 Salva,
1096 2385 1501 2465 redemptor,
1551 2390 1725 2447 tuum
1771 2385 2021 2466 plasma
2065 2384 2311 2463 nobile,

808 2487 1127 2568 signatum
1175 2495 1400 2550 sancto
1446 2484 1539 2549 ‘tui
1586 2487 1800 2550 vultus
1845 2488 2110 2568 lumine,

808 2609 891 2652 ne
937 2589 1212 2652 lacerari
1258 2589 1431 2651 sinas
1476 2587 1706 2652 fraude
1752 2588 2138 2670 daemonum,

810 2701 1082 2775 propter
1129 2711 1289 2774 quos
1332 2693 1557 2755 mortis
1606 2694 1946 2757 exsolvisti
1989 2695 2284 2777 pretium.

810 2862 977 2927 Dole
1024 2865 1322 2947 captivos
1369 2884 1518 2927 esse
1565 2873 1712 2928 tuos
1761 2867 2066 2951 famuloS,
2923 2873 2995 2932 45

813 2967 1083 3030 absolve
1129 2984 1306 3046 reoS,
1354 2966 1756 3049 compeditos
1804 2970 2020 3050 erige,

811 3079 878 3133 et
924 3088 1088 3151 quos
1135 3086 1365 3132 cruore
1412 3069 1744 3133 redemisti
1789 3073 2089 3154 propriO,

812 3193 928 3236 rex
976 3175 1174 3253 bone,
1221 3179 1428 3236 tecum
1476 3173 1581 3237 fac
1623 3172 1919 3254 gaudere
1967 3176 2300 3258 perpetim.

814 3343 915 3410 Sit
959 3348 1105 3428 tibi,
1150 3346 1387 3427 Jhesu,
1425 3347 1765 3411 benedicte
1813 3345 2101 3427 domine,

811 3450 1051 3530 gloria,
1099 3450 1331 3529 virtuS,
1379 3449 1587 3512 honor
1634 3459 1700 3513 et
1735 3450 2069 3534 imperinm
2927 3454 3002 3515 50

810 3571 939 3614 una
984 3570 1127 3614 cum
1173 3560 1359 3634 patre
1406 3562 1762 3635 sanctoque
1809 3553 2156 3637 paraclit0,

814 3672 956 3716 cum
1004 3655 1233 3735 quibus
1279 3675 1519 3737 regnas
1566 3655 1727 3719 deus
1772 3666 1921 3721 ante
1967 3655 2224 3720 saecula.

570 3834 665 3888 ns.
716 3852 783 3889 zu
835 3836 1119 3908 Bamberg
1167 3837 1262 3891 Ed.
1309 3837 1434 3905 vll,
1482 3841 1569 3892 27.
1621 3838 1720 3892 des
1773 3842 1836 3893 15
1883 3840 2084 3895 Jahrb.
2134 3842 2245 3910 (A)
2300 3840 2521 3895 euthalt
2567 3840 2655 3895 die
2706 3840 2776 3895 V.
2819 3844 3006 3895 1-40.

393 3921 484 3977 ns.
525 3921 778 3978 daselbst
813 3923 908 3978 Ed.
946 3923 1071 3992 vll,
1108 3927 1193 3979 36.
1242 3925 1340 3979 des
1392 3928 1457 3978 15
1492 3925 1707 4000 Jahrb,
1740 3927 1850 3996 (B)
1906 3926 2124 3983 entbiilt
2171 3926 2459 3981 diesclben
2509 3926 2703 3982 Verse.
2777 3929 2875 3983 Hs,
2914 3929 3007 3982 da-

392 4010 570 4066 selbst
604 4010 704 4066 Ed.
741 4010 853 4080 Vll,
890 4014 975 4066 35.
1013 4013 1112 4067 des
1153 4014 1217 4064 15
1253 4011 1450 4066 Jahrb.
1489 4013 1596 4082 (C)
1639 4012 1859 4067 euthalt
1894 4012 1958 4067 V.
1996 4016 2222 4069 37—52.
2298 4014 2392 4068 Hs.
2429 4032 2497 4068 zu
2535 4012 2705 4070 Gratz
2742 4014 2873 4084 40ss
2909 4015 3006 4068 des

395 4099 459 4149 12
495 4097 692 4153 Jahrb.
728 4099 840 4168 (D)
901 4099 1000 4153 bat
1035 4099 1187 4153 5—8.
1244 4101 1497 4153 37-40.
1552 4100 1642 4154 als
1697 4100 1858 4154 einen
1913 4099 2230 4155 besondern
2283 4101 2537 4171 Hymnus
2585 4099 2654 4154 de
2702 4117 2748 4154 s.
2785 4100 3009 4156 Jacobo

390 4186 658 4254 apostolo
700 4187 774 4241 ad
808 4203 1106 4258 vesperas,
1143 4186 1245 4241 mit
1279 4186 1465 4243 dieser
1500 4186 1855 4258 Doxologie:

464 4269 556 4325 Sit
591 4271 829 4328 trinitati
867 4275 1206 4344 sempiterna
1242 4273 1463 4344 gloria,
1745 4274 1804 4327 in
1842 4274 2056 4328 unitate
2094 4274 2183 4327 cui
2218 4281 2406 4329 manet
2441 4275 2733 4345 imperium

466 4357 676 4426 honor,
711 4365 969 4427 potestas
1005 4367 1173 4430 atque
1202 4360 1504 4432 jubilatio,
1744 4376 1814 4414 ex
1848 4365 1980 4414 tunc
2015 4365 2073 4415 et
2108 4361 2275 4415 modo
2312 4376 2417 4431 per
2456 4367 2670 4416 aeterna
2707 4363 2937 4414 soecula.

569 4461 830 4516 Dieselbe
867 4463 961 4517 Rs.
997 4464 1216 4518 euthalt
1251 4464 1315 4516 V.
1357 4464 1578 4517 17—20.
1615 4464 1840 4517 37-40.
1894 4463 1996 4518 mit
2043 4463 2144 4517 der
2189 4464 2506 4520 numlichen
2543 4464 2868 4535 Doxologie
2916 4464 3005 4517 als

394 4546 556 4602 einen
608 4547 927 4602 besondern
976 4550 1229 4620 Hymnus
1277 4548 1387 4605 auf
1425 4550 1531 4606 den
1579 4550 1635 4605 h.
1684 4550 2136 4607 Bartholomins.
2207 4551 2310 4606 Die
2344 4552 2441 4607 Hs.
2481 4569 2594 4608 von
2633 4551 2692 4607 S.
2730 4551 2904 4607 Peter
2938 4568 3006 4607 zu

395 4634 707 4691 Karlsrube
754 4633 861 4688 No.
905 4636 972 4687 16
1027 4635 1127 4689 des
1168 4639 1234 4688 15
1269 4637 1466 4692 Jahn-h.
1514 4637 1625 4708 (E)
1679 4638 1805 4708 gibt
1854 4637 1942 4692 die
1989 4637 2057 4692 V.
2104 4640 2354 4693 29-32.
2402 4638 2653 4694 37-40.
2712 4637 2802 4693 als
2839 4639 3005 4692 einen
