3175 5234
329 203 462 270 171)

327 394 389 459 5.
452 391 657 469 Quam
702 387 785 452 de
831 386 967 450 luto
1013 391 1331 468 sumptam

460 492 754 559 coelestia
799 488 954 554 fecit
998 487 1256 553 calcare

461 593 739 678 pedibus
785 589 945 671 lilia,

457 780 544 845 Et
588 800 732 846 cum
778 777 1136 844 candidulis

1816 381 2178 464 virginibus
2221 380 2380 446 fecit
2421 379 2666 446 habere
2853 381 2943 443 20

1814 483 2004 565 regni
2048 481 2392 547 consortia.

1685 675 1745 737 6.
1807 670 2014 755 Hujus
2059 674 2325 737 obtentu
2372 679 2594 736 nostra

1816 780 2039 855 tergat
2079 773 2225 857 pius
2270 773 2525 839 delicta.

509 999 606 1055 Hs.
644 999 744 1053 (les
784 999 850 1051 12
886 996 922 1052 J
926 995 1083 1050 ahrh.
1125 995 1199 1049 im
1241 990 1588 1049 Karlsruher
1622 990 1849 1047 Archiv.

508 1120 543 1173 9
580 1119 846 1185 dexterae,
882 1118 979 1173 Hs.

1054 1120 1122 1171 15
1159 1116 1345 1172 dieser
1379 1116 1525 1172 Vers
1558 1115 1740 1171 bildet
1776 1114 1936 1170 einen
1976 1114 2189 1171 Absatz
2225 1114 2283 1168 in
2319 1113 2421 1169 der
2456 1113 2549 1168 Hs.

1278 1469 1451 1543 765.
1518 1469 1637 1541 De
1690 1494 1745 1540 s.
1807 1465 2017 1540 Afra.

340 1724 566 1791 Gaude
615 1726 846 1792 civitas
890 1723 1224 1810 Augusta,

338 1829 544 1894 redde
592 1830 719 1895 deo
761 1839 918 1895 vota
955 1831 1175 1914 justa,

339 1952 380 1997 a
426 1952 554 2016 quo
601 1940 748 1998 tuus
797 1934 880 1999 ad
928 1943 992 1999 te
1036 1935 1270 1998 missus

341 2041 446 2097 est
489 2035 823 2119 apostolus
867 2034 1232 2101 Narcissus.

338 2250 684 2316 Narcissus
727 2252 937 2335 primo
981 2252 1342 2335 plantavit,
1551 2253 1592 2312 5

340 2352 689 2437 Dionysius
736 2355 1008 2436 rigavit,

346 2454 507 2519 deus
554 2454 734 2521 dedit
775 2458 1272 2538 incrementum,

343 2555 641 2622 Christus
685 2567 903 2623 manet
948 2558 1445 2625 fundamentum.

345 2771 486 2839 Sub
532 2772 841 2838 Narcisso
885 2773 1194 2858 pontifice

348 2883 417 2939 et
463 2874 737 2941 diacono
783 2876 1008 2942 Felice
1517 2880 1600 2941 10

346 2976 558 3042 credit
601 2973 771 3044 Afra
816 2998 959 3043 cum
1003 2979 1238 3063 puellis

345 3088 414 3143 et
457 3078 706 3147 Hilaria
751 3100 896 3146 cum
940 3081 1084 3145 illis.

346 3293 616 3359 Daemon
664 3296 901 3360 clamat
947 3303 1017 3358 et
1059 3295 1323 3377 insanit,

345 3392 514 3460 Afra
559 3405 810 3480 stupet,
849 3397 1096 3479 praesul
1139 3397 1341 3478 canit,

347 3504 490 3560 orat
536 3497 782 3580 praesul
825 3496 1242 3580 christianus,
1519 3501 1600 3562 15

349 3595 516 3676 fugit
558 3604 823 3661 satanas
868 3598 1200 3681 profanus.

1563 2021 1582 2035 ⁰
1700 2032 1981 2114 quinque
2026 2031 2203 2096 vivae
2247 2040 2396 2097 sunt
2438 2033 2741 2097 incensae.

1696 1723 1857 1787 Mox
1901 1725 1966 1787 in
2010 1721 2141 1787 fide
2188 1722 2566 1788 confortatis

1698 1824 1999 1890 affinibus
2046 1833 2114 1890 et
2158 1825 2454 1908 cognatis

1697 1934 1972 2011 propter
2015 1926 2209 1992 fidem
2256 1928 2744 2012 comprehensae

2866 2035 2959 2099 20

1698 2242 1871 2310 Afra
1916 2247 2102 2313 simul
2148 2255 2217 2312 et
2259 2256 2597 2314 consortes

1701 2355 1877 2413 stent
1916 2367 2041 2432 pro
2084 2350 2272 2416 nobis
2316 2369 2517 2434 prece
2558 2351 2792 2436 fortes,

1702 2459 1775 2516 ut
1820 2459 1889 2516 et
1922 2454 2109 2518 nobis
2153 2456 2534 2538 expurgatis

1704 2555 1788 2618 sit
1830 2557 2045 2640 portio
2093 2576 2233 2623 cum
2278 2559 2504 2622 beatis.

1704 2768 1759 2834 0
1806 2770 2112 2835 Narcisse
2157 2789 2300 2835 cum
2346 2769 2600 2854 Felice,
2874 2774 2961 2835 25

1705 2880 1810 2937 sta
1851 2893 1974 2956 pro
2020 2875 2206 2939 nobis
2254 2873 2426 2939 omni
2469 2874 2614 2940 vice

1705 2982 1773 3038 et
1815 2992 1937 3057 pro
1982 2982 2210 3039 nostra
2254 2976 2516 3040 civitate

1707 3083 1775 3139 et
1816 3093 1940 3159 pro
1985 3077 2234 3140 cunctis
2280 3078 2681 3162 supplicate!

1706 3290 1959 3357 Praesta
2003 3299 2195 3377 pater
2238 3301 2305 3356 et
2346 3300 2622 3376 patrone
2641 3341 2659 3372 ,

1705 3404 1952 3478 praesta
1996 3394 2121 3472 fili,
2163 3403 2393 3478 pastor
2438 3396 2639 3475 bone,

1705 3506 1952 3581 praesta
1997 3500 2261 3582 spiritus
2307 3501 2639 3563 amborum

1705 3600 2085 3666 medicinam
2128 3609 2560 3685 peccatorum.

2873 3396 2966 3460 30

525 3809 623 3865 Hs.
661 3811 769 3866 No.
806 3812 876 3865 66
912 3829 981 3866 zu
1017 3812 1326 3887 Freiburg,
1371 3818 1440 3871 15
1476 3816 1676 3893 Jahrb.
1724 3818 1854 3888 (A).
1924 3820 2020 3873 Hs.
2058 3836 2125 3874 zu
2162 3819 2455 3891 stuttgart
2490 3820 2661 3875 Brev.
2699 3816 2805 3873 No.
2846 3819 2968 3871 101-

351 3893 392 3952 f.
428 3897 516 3952 76.
568 3900 635 3951 15
668 3897 869 3955 Jahrb.
934 3900 1060 3970 (Β).
1157 3901 1253 3957 Hs.
1299 3918 1414 3958 von
1448 3904 1508 3960 S.
1543 3904 1717 3961 Peter
1749 3905 1856 3961 No.
1894 3908 1963 3959 16
2016 3923 2084 3960 zu
2121 3906 2463 3976 Karlsruhe,
2513 3908 2582 3959 15
2618 3905 2817 3963 Jahrb.
2864 3906 2971 3960 mit

350 3988 455 4043 der
488 3987 729 4044 melodie
770 3989 894 4059 (Ο).
966 3988 1069 4045 Bei
1102 3991 1264 4048 Bebel
1293 3989 1336 4046 f.
1375 3994 1443 4049 18
1478 3994 1608 4065 (D).

531 4149 566 4201 2
606 4151 746 4203 vota
783 4145 890 4202 (leo
925 4147 989 4203 Ο.
1061 4149 1096 4201 3
1135 4149 1260 4217 pius
1293 4150 1368 4216 A,
1407 4166 1443 4205 a
1479 4155 1536 4204 te
1571 4151 1735 4206 ABD.
1807 4152 1967 4206 5-8
2001 4152 2203 4207 stehen
2238 4152 2295 4207 in
2333 4153 2377 4210 G
2414 4153 2560 4208 nach
2594 4155 2678 4208 12.
2750 4155 2786 4210 8
2816 4169 2967 4209 man.

353 4233 455 4290 Oh.
494 4234 560 4287 A.
669 4235 739 4288 10
792 4249 862 4287 ac
916 4234 973 4290 G.
1065 4237 1133 4289 13
1187 4235 1258 4290 cl.
1313 4237 1474 4293 daem.
1525 4239 1587 4294 G.
1674 4240 1903 4292 13-16
1951 4239 2147 4294 :tehen
2196 4239 2254 4295 in
2292 4240 2336 4297 (3
2373 4240 2518 4296 nach
2550 4242 2639 4294 20.
2730 4243 2801 4295 14
2837 4247 2972 4296 orat

355 4319 569 4389 praesul
618 4325 850 4390 stupens
900 4322 1052 4377 canit
1098 4323 1157 4378 G.
1267 4325 1333 4378 15
1380 4324 1530 4378 canit
1582 4325 1647 4379 D.
1753 4327 1824 4378 17
1866 4326 1972 4381 sed
2021 4323 2060 4380 f.
2110 4342 2239 4381 mox
2289 4325 2348 4382 G.
2461 4328 2531 4382 18
2580 4342 2616 4382 ι
2666 4324 2869 4383 finibus
2905 4328 2968 4384 C.

355 4406 426 4458 19
461 4405 935 4475 comprehendere
972 4410 1047 4478 B,
1103 4409 1222 4463 illae
1258 4410 1424 4465 simul
1459 4426 1640 4482 comp.
1675 4411 1782 4468 OD.
1871 4414 1949 4466 w
1977 4428 2233 4470 accensae
2269 4415 2332 4470 D.
2403 4417 2470 4468 21
2492 4416 2641 4470 -28
2678 4413 2871 4470 fehlen
2906 4414 2968 4471 C.

353 4493 424 4545 23
463 4492 703 4561 expiatis
741 4493 803 4547 B.
889 4497 1125 4550 25-28
1172 4493 1363 4553 fehlen
1399 4496 1463 4552 B.
1561 4499 1639 4553 26
1670 4514 1776 4554 vos
1815 4495 1853 4553 f.
1889 4504 1982 4554 sta
2016 4501 2079 4556 D.
2176 4504 2249 4557 27
2284 4501 2573 4572 pravitate
2611 4502 2671 4558 D.
2768 4502 2841 4557 28
2878 4517 2974 4557 ex·

355 4587 518 4639 orate
554 4584 616 4639 D.
686 4585 760 4638 30
798 4583 966 4639 simul
1003 4583 1040 4640 f.
1079 4584 1163 4641 fili
1198 4589 1259 4645 C.
1329 4592 1401 4644 32
1434 4589 1709 4644 medicina
1744 4590 1808 4645 D.
