3175 5234
988 578 1207 654 1166.
1277 574 1399 650 Ad
1451 601 1508 649 s.
1561 573 2015 650 Theodolum
2062 577 2504 674 episeopum.

428 778 690 850 chorus
736 780 1020 848 eoelestis
1063 780 1264 846 eurise
1782 782 1983 852 Luxit
2024 789 2205 847 terra
2248 760 2663 845 Vallensium

432 884 808 970 congaudet
851 886 1040 952 nobis
1083 885 1283 950 hodie
1562 934 1568 938 -
1784 906 1908 972 per
1950 884 2106 969 gelu
2148 902 2434 966 namque
2480 878 2731 945 nimium

432 991 795 1058 nolentibus
840 989 1130 1055 celebria
1787 993 2097 1054 aruerant
2139 984 2497 1050 vindemiae
2684 1052 2691 1057 ,
2901 977 2947 1037 15

429 1094 641 1179 patris
685 1093 889 1160 nostri
934 1092 1226 1158 solennia
1247 1140 1265 1174 ,
1788 1089 2206 1157 Sedunenses
2249 1096 2318 1154 et
2363 1087 2553 1169 aliae,

436 1278 643 1364 cujas
684 1281 752 1345 in
795 1279 1090 1345 natalitio
1643 1276 1686 1340 5
1789 1276 1970 1343 Vasa
1985 1324 2003 1359 ‚
2046 1275 2320 1358 lagenas
2333 1323 2351 1356 ,
2402 1272 2586 1338 dolia

433 1384 668 1449 mentis
711 1383 948 1448 affeetu
987 1381 1184 1445 nimio
1790 1381 1883 1445 nil
1925 1379 2195 1461 liquoris
2237 1377 2559 1442 habentia

435 1485 770 1550 solventes
816 1482 1031 1548 laudis
1077 1482 1359 1548 debitum
1792 1483 1969 1547 faeto
2015 1480 2230 1546 erneis
2277 1478 2628 1563 signaculo

434 1584 805 1651 attollamus
849 1590 917 1648 et
956 1583 1270 1648 meritum.
1793 1583 1928 1649 vini
1953 1584 2257 1668 ·replevit
2298 1583 2567 1666 poculo.
2894 1570 2943 1633 ²⁰

433 1769 618 1839 Fusa
659 1790 862 1856 prece
908 1769 1228 1836 Theodoli
1792 1767 1934 1834 Deo
1978 1768 2152 1852 patri
2194 1769 2281 1834 sit
2322 1766 2547 1851 gloria

434 1874 721 1941 nudatur
764 1877 957 1961 eulpa
1003 1873 1258 1953 Caroli,
1606 1875 1687 1938 10
1793 1871 2068 1957 ejusque
2112 1871 2236 1935 soli
2278 1868 2447 1952 filio,

437 1978 872 2046 Thebaeorum
917 1978 1245 2045 cadavera
1795 1993 1942 2040 eum
1987 1975 2218 2059 spiritu
2261 1973 2609 2059 paracleto

437 2083 804 2149 eonduntur
847 2083 993 2167 ejus
1038 2079 1261 2166 opera,
1794 2078 1866 2142 in
1910 2078 2304 2162 sempiterna
2348 2076 2617 2145 saeeula.
2675 2087 2843 2137 amem

618 2260 740 2315 Ans
792 2261 950 2315 einer
1002 2259 1098 2315 Hs.
1148 2260 1253 2315 der
1289 2260 1499 2315 Kirehe
1541 2276 1614 2315 zu
1660 2258 1935 2316 Saehslen
1987 2259 2046 2314 in
2079 2258 2495 2318 Uuterwalden
2542 2276 2652 2315 von
2696 2243 2941 2310 1491.ωοὶ

437 2347 508 2407 Η.
539 2348 764 2405 nutura
801 2345 1096 2404 Absehrift
1128 2364 1200 2402 zu
1231 2346 1488 2420 Ittingen·
1513 2348 1664 2416 (Α),
1699 2346 1812 2402 und
1847 2347 1906 2401 in
1940 2345 2049 2403 «len
2084 2348 2230 2416 Aeta
2266 2346 2371 2404 SS.
2406 2349 2649 2419 August.
2683 2346 2795 2397 tom.
2820 2337 2859 2402 32
2879 2330 2941 2384 ²⁷*

438 2451 546 2499 au
582 2432 707 2492 dem
741 2436 980 2492 Brevier
1013 2451 1130 2491 von
1166 2434 1352 2491 Sitten
1386 2435 1446 2489 in
1481 2434 1700 2491 Wellis
1753 2435 1882 2506 (Β).
1952 2434 2055 2491 Die
2087 2434 2259 2491 Form
2307 2434 2407 2490 des
2450 2435 2687 2491 Namens
2716 2415 2945 2482 Thodffl

435 2522 592 2581 steht
635 2524 694 2578 in
747 2522 849 2576 der
893 2520 1055 2579 Mitte
1102 2522 1384 2577 zwisohen
1431 2519 1754 2577 Theodnlus
1800 2521 1915 2577 und
1960 2520 2322 2593 Theodorus,
2375 2523 2475 2578 die
2522 2520 2681 2577 haido
2720 2511 2835 2571 aad!
2863 2515 2942 2557 Μ·

431 2608 712 2666 kommen.

614 2747 651 2801 s
684 2721 977 2801 emeritum
1012 2744 1076 2799 B.
1150 2744 1220 2799 18
1254 2742 1394 2798 unm
1428 2745 1492 2800 B.
1559 2746 1635 2799 24
1668 2750 1727 2802 et
1760 2760 1905 2802 mmo
1940 2750 1999 2802 et
2033 2747 2092 2801 in
2127 2753 2465 2819 perpetuum
2500 2747 2564 2803 B.

1102 3027 1320 3102 1167.
1385 3022 1516 3100 Ad
1560 3053 1616 3100 s.
1665 3027 2116 3103 Theodolum
2168 3030 2412 3130 episc.-

439 3230 778 3301 Gelsitudo
823 3232 1184 3299 sublimium
1793 3231 2087 3300 Virtutes
2131 3242 2199 3301 et
2240 3235 2551 3320 prodigia

436 3333 770 3404 Sedunum
814 3338 986 3403 misit
1026 3334 1298 3422 Alpium
1793 3353 1918 3420 per
1958 3336 2161 3420 ipsius
2206 3336 2524 3420 suffragia

436 3437 842 3506 'theodolum
883 3441 1232 3507 antistitem
1792 3439 2175 3525 plerumque
2220 3449 2461 3529 norunt
2504 3436 2644 3504 fieri
2886 3406 2936 3472 ¹⁵

435 3540 649 3605 virum
693 3561 835 3626 prae
881 3543 1130 3608 eunetis
1174 3542 1464 3623 divitem,
1793 3540 2140 3608 Vallenses
2185 3552 2380 3628 atque
2426 3540 2641 3625 ceteri·

439 3726 647 3811 Cujus
692 3735 880 3793 erant
924 3726 1168 3793 divitiae
1651 3731 1690 3793 5
1795 3730 1918 3810 Qui
1960 3738 2152 3799 natus
2196 3742 2299 3800 est
2339 3734 2404 3800 in
2451 3726 2766 3818 grandium

435 3832 785 3901 thesaurus
832 3828 1171 3915 sapientiae
1794 3834 2186 3901 sublimitate
2229 3837 2540 3902 montium
2557 3882 2574 3915 ‚

435 3934 749 4027 simplicis
789 3941 859 4000 et
899 3932 1246 4017 modestia,
1792 3935 1882 4002 ad
1926 3937 2179 4013 eulmen
2223 3914 2657 4004 sanctimonia>

434 4057 621 4108 mens
662 4039 968 4123 simplex,
1013 4037 1262 4104 fraudis
1304 4038 1542 4105 nescia.
1792 4037 1992 4104 ‹luetu
2031 4040 2333 4123 pervenit
2375 4039 2618 4123 gratiae.
2878 3998 2935 4064 ²⁰

434 4224 562 4295 Hie
603 4242 875 4309 gregem
919 4223 1045 4290 sibi
1088 4221 1433 4304 creditum,
1791 4225 1934 4293 Deo
1979 4228 2151 4312 patri
2198 4229 2283 4293 sit
2326 4228 2539 4312 gloria

432 4328 619 4417 prius
662 4327 848 4392 malis
892 4325 1265 4410 implioitum
1281 4376 1299 4412 ,
1605 4330 1686 4393 10
1793 4331 2067 4416 ejusque
2110 4332 2237 4397 soli
2279 4331 2415 4397 filio

436 4450 565 4518 per
605 4427 921 4495 doetrinae
961 4431 1389 4514 frequentiam
1790 4444 1937 4500 oum
1981 4434 2210 4518 spiritu
2255 4416 2590 4518 paracleto
3012 4436 3013 4493 l

433 4534 526 4604 ad
570 4532 717 4599 ooeli
760 4531 945 4598 duxit
985 4534 1281 4616 patriam.
1787 4540 1855 4605 in
1898 4539 2293 4623 sempiterna
2337 4540 2595 4607 saeoula,
2650 4531 2814 4595 amen·
