3175 5234
351 315 438 377 ⁴4

1025 736 1197 811 652.
1273 738 1389 810 De
1441 763 1496 809 s.
1544 735 1880 811 «Iohanne
1932 736 2256 836 baptista.
2319 710 2326 715 “

354 961 555 1029 Salve
602 965 944 1030 ,lohannes
992 966 1215 1048 hodie,

355 1086 544 1149 quem
590 1086 710 1130 rex
755 1067 1062 1150 perennis
1108 1068 1338 1151 gloriae

439 1188 581 1252 prae
627 1170 864 1233 ceteris
904 1172 1230 1252 respexit,

352 1271 723 1352 Johannes,
769 1271 876 1336 dei
921 1274 1166 1353 gratia,

353 1395 474 1457 per
520 1377 695 1440 orbis
740 1385 941 1439 terrae
987 1377 1199 1459 spatia

442 1486 506 1541 te
551 1479 762 1561 major
808 1497 936 1543 non
984 1480 1282 1543 surrexit.

352 1667 518 1733 Nam
566 1668 863 1751 Gabriel,
910 1671 1018 1752 qui
1066 1670 1302 1733 domini

354 1781 738 1855 conceptum
784 1793 1040 1839 sacrum
1086 1775 1321 1857 virgini

442 1874 777 1939 denuntiat
818 1878 1081 1957 Mariae,

354 1976 462 2041 hic
504 1978 724 2061 templi
768 1979 833 2041 in
886 1980 1151 2044 oraculo

350 2080 512 2144 foris
555 2089 809 2145 astante
857 2083 1101 2166 populo

438 2184 732 2265 promisit
776 2183 1157 2268 Zachariae,

348 2368 535 2434 Licet
582 2379 778 2435 aetate
831 2371 1057 2450 debili,

350 2471 694 2536 Elizabeth
742 2493 825 2535 ex
871 2473 1076 2535 sterili

438 2582 505 2637 te
549 2575 691 2639 fore
736 2575 1157 2655 nasciturum,

353 2693 617 2759 nomen,
662 2677 926 2740 vivendi
970 2677 1278 2761 studium,

352 2780 551 2846 officii
593 2782 1020 2864 praeconium,

439 2892 504 2948 te
548 2904 849 2966 magnum
895 2885 1021 2949 fert
1065 2886 1373 2969 futurum,

348 3074 753 3157 Replendum
796 3083 1023 3140 sancto
1070 3075 1298 3158 spiritu

351 3176 563 3241 adhuc
606 3177 672 3240 in
717 3179 964 3241 ventris
1010 3178 1249 3242 ambitu

435 3282 574 3344 sine
622 3281 832 3365 culpae
881 3281 1179 3362 sequela:

348 3382 467 3446 sed
509 3380 868 3448 Zacharias
914 3383 1254 3463 tremuluS,

346 3487 566 3550 verbis
613 3487 755 3569 ejus
802 3486 1174 3551 incredulus
1195 3533 1212 3566 ,

431 3588 728 3669 privatur
771 3605 922 3651 mox
966 3587 1245 3669 loquela.

344 3777 641 3844 Inclusus
684 3777 930 3840 ventris
972 3776 1222 3861 gremio

347 3890 418 3944 tu
463 3877 801 3942 exultabas
847 3876 1087 3957 gaudio

434 3982 521 4047 ad
566 4000 793 4047 vocem
839 3981 1176 4045 salutantis

343 4085 605 4168 Mariae,
644 4104 787 4152 cum
833 4084 1141 4149 auriculae

343 4190 623 4254 insonuit
668 4189 944 4254 aniculae

429 4291 768 4358 Elizabeth
815 4292 1232 4376 praegnantis,

344 4479 703 4545 occurrere
750 4480 1032 4563 tripudio

341 4593 410 4649 tu
455 4584 661 4667 gestis
707 4583 812 4647 dei
857 4584 993 4649 filio

426 4688 491 4752 in
531 4687 784 4770 virgine
825 4686 1104 4768 latente3

1521 1980 1601 2042 10

1521 2578 1600 2638 15

1512 3179 1597 3241 20

1507 3779 1592 3841 25

1505 4291 1587 4354 30

1710 966 2107 1031 subtrahitur
2152 968 2491 1050 mestitia,

1712 1088 1902 1150 quam
1947 1069 2240 1151 pluribus
2289 1069 2515 1133 laetitia

1798 1171 2130 1234 confertur
2175 1178 2239 1233 te
2285 1178 2610 1234 nascente.

1709 1354 1871 1421 Cum
1917 1365 2029 1421 tua
2072 1358 2553 1423 circumciditur

1710 1477 1902 1539 caro,
1941 1479 1979 1522 a
2025 1468 2213 1541 patre
2257 1461 2595 1525 scribitur:

1799 1562 2172 1645 „Johannes
2213 1560 2638 1628 nominatur“.-

1710 1684 1842 1729 vox
1887 1666 2100 1730 statim
2144 1666 2239 1729 illi
2284 1666 2607 1748 redditur,

1710 1788 1838 1852 qua
1887 1768 2049 1832 deus
2087 1769 2521 1851 benedicitur,

1793 1872 1982 1955 plebs
2030 1873 2234 1935 omnis
2282 1872 2650 1939 admiratur.

1707 2062 1804 2127 Tu
1847 2064 1913 2127 in
1960 2063 2238 2129 desertis
2283 2064 2535 2147 latitas,

1704 2187 1871 2250 puer
1916 2185 2205 2231 seorsum
2259 2169 2514 2232 habitas

1793 2270 2049 2333 virtutis
2096 2273 2179 2335 ob
2227 2280 2634 2354 augmentum
2649 2319 2667 2353 ,

1705 2370 1975 2435 locustae
2018 2371 2211 2436 mella
2256 2373 2547 2456 epulum,

1706 2474 1948 2538 fluenta
1992 2484 2227 2558 parant
2266 2476 2605 2559 poculum,

1798 2577 2026 2640 cameli
2070 2584 2525 2659 tegumentum.

1706 2763 1998 2827 Diversis
2043 2762 2375 2828 dissimilia

1708 2868 1932 2932 salutis
1980 2868 2141 2932 dans
2187 2871 2457 2935 consilia

1791 2971 1964 3033 viam
2010 2969 2268 3036 Christo
2316 2975 2601 3056 parabas
2612 3021 2630 3055 ,

1705 3074 2026 3154 baptisma
2071 3073 2232 3138 dans
2279 3076 2522 3139 notitiae

1706 3171 1977 3256 Christi,
2024 3175 2143 3239 sed
2187 3177 2584 3259 poenitentiae

1790 3278 2171 3361 baptismum
2217 3279 2643 3362 praedicabas,

1703 3469 1864 3535 Cum
1905 3471 1968 3533 in
2014 3469 2324 3534 «Iordanis
2374 3468 2630 3533 flumine

1701 3574 1861 3638 deus
1908 3580 2095 3636 natus
2142 3592 2225 3635 ex
2270 3572 2526 3653 virgine

1787 3695 1828 3738 a
1872 3682 1938 3736 te
1985 3674 2471 3756 baptizabatur,

1699 3795 1865 3842 voce
1910 3784 2101 3865 pater
2142 3776 2468 3858 ingenitus

1698 3888 1765 3946 et
1807 3880 1873 3944 in
1919 3880 2216 3947 columba
2261 3880 2524 3963 spiritus

1785 3984 1900 4049 tibi
1947 3983 2382 4049 revelabatur.

1694 4174 1959 4258 Agnum
2004 4173 2110 4236 dei
2157 4175 2462 4255 existere,

1693 4288 1968 4364 peccata
2012 4277 2230 4342 mundi
2278 4278 2511 4342 tollere

1782 4384 2008 4448 Jesum
2054 4400 2195 4445 cum
2239 4381 2608 4465 indicabas,

1697 4486 1758 4550 ei
1803 4487 1887 4549 ob
1934 4483 2383 4549 excellentiam

1698 4597 1762 4653 te
1806 4587 2067 4652 solvere
2116 4588 2461 4669 corrigiam

1781 4689 2110 4774 indignum
2147 4690 2512 4776 judicabas.

2886 1073 2978 1136 35

2877 2274 3022 2336 45·

2875 2874 2969 2937 50

2866 3469 2956 3530 55

2868 3985 2962 4048 60

2860 4588 2948 4651 65
