3175 5234
356 259 487 336 142

1109 680 1279 759 731.
1354 680 1593 751 Prosa
1646 677 1734 750 de
1785 675 2229 777 martyribus.

674 899 728 965 Ο
772 903 968 967 beata
1011 902 1348 966 beatorum
1393 905 1749 982 martyrum
1788 897 2171 979 certamina,

674 1023 715 1068 o
760 1004 998 1068 devote
1045 1002 1395 1069 recolenda
1439 1003 1758 1067 victorum
1804 1001 2170 1065 sollemnia!

671 1175 866 1258 Digni
913 1176 1126 1258 dignis
1174 1175 1424 1257 fulgent
1473 1174 1676 1256 signis
1724 1180 1790 1237 et
1834 1171 2069 1237 florent
2111 1171 2488 1253 virtutibuS,

673 1279 822 1343 illos
866 1297 1125 1360 semper
1170 1276 1606 1342 condecenter
1650 1295 2040 1340 veneremur
2081 1273 2397 1337 laudibuS.

671 1445 866 1528 Fide,
910 1453 1102 1522 voto,
1150 1445 1349 1510 corde
1395 1453 1531 1512 toto
1579 1445 1997 1509 adhaeserunt
2042 1443 2300 1547 domino
2390 1521 2393 1524 Ἴ
2938 1445 2984 1505 5

675 1558 741 1615 et
783 1551 1007 1615 invicti
1051 1558 1201 1615 sunt
1245 1548 1488 1618 addicti
1535 1550 1739 1614 atroci
1785 1548 2118 1631 martyrio.

677 1719 1041 1801 Cal-cerati,
1087 1719 1422 1801 trucidati,
1467 1726 1934 1783 tormentorum
1978 1737 2228 1800 genera

670 1825 826 1906 igne
870 1823 1041 1906 laesi,
1086 1823 1263 1887 ferro
1309 1824 1465 1886 caesi
1513 1822 1924 1917 pertulerunt
1967 1820 2264 1905 plurima.

673 1993 840 2059 Dum
887 1995 982 2058 sic
1025 1995 1178 2057 torti
1223 1993 1461 2058 cedunt
1502 1994 1693 2056 morti
1739 1992 1953 2056 carnis
1995 2009 2118 2075 per
2160 1991 2521 2073 interitum,

676 2105 749 2163 ut
793 2097 987 2162 electi
1031 2103 1179 2161 sunt
1224 2096 1444 2180 adepti
1489 2099 1827 2161 beatorum
1875 2094 2228 2177 praemium.
2894 2093 2987 2157 10

671 2267 803 2334 Per
849 2275 1282 2350 contemptum
1328 2265 1795 2336 mundanorum
1841 2273 1906 2329 et
1955 2285 2076 2348 per
2121 2266 2296 2330 bella
2338 2264 2533 2329 fortia

671 2378 1043 2435 meruerunt
1088 2369 1470 2451 angelorum
1513 2369 1798 2433 victores
1849 2369 2194 2434 consortia.

611 2583 618 2590 ι
670 2538 853 2623 Ergo
896 2540 1051 2604 facti
1098 2539 1459 2603 coheredes
1507 2537 1768 2604 Christo
1813 2540 1878 2603 in
1925 2541 2300 2605 coelestibus

555 2663 564 2668 ’
674 2641 848 2726 apud
890 2642 1101 2725 ipsum
1147 2649 1305 2705 vota
1346 2649 1570 2707 nostra
1614 2651 1997 2726 promovete
2043 2645 2379 2727 precibus,

672 2812 762 2879 Ut
801 2820 954 2898 post
996 2812 1191 2876 finem
1232 2812 1426 2896 hujus
1465 2814 1620 2877 vitae
1666 2821 1730 2877 et
1776 2820 1928 2898 post
1972 2815 2345 2879 transitoria
2895 2816 2985 2878 15

671 2918 736 2982 in
779 2918 1052 3000 perenni
1092 2936 1454 3002 mereamur
1498 2918 1793 2982 exultare
1839 2917 2067 2999 gloria.

550 3084 646 3138 Hs.
681 3101 751 3138 zu
786 3085 1031 3141 Admont
1065 3101 1118 3139 o.
1148 3083 1252 3138 No.
1291 3085 1357 3136 15
1394 3084 1591 3139 Jahrb.
1630 3085 1758 3153 (A).
1828 3083 1924 3138 Hs.
1963 3083 2358 3147 daselbstNo.
2398 3086 2515 3140 751.
2557 3084 2655 3138 des
2691 3087 2762 3138 14
2777 3083 2983 3138 Jahrb.

358 3172 460 3227 mit
493 3169 740 3226 Neumen
784 3172 907 3245 (B).
981 3171 1075 3225 He.
1114 3189 1182 3225 zu
1219 3171 1278 3225 S.
1321 3170 1490 3224 Peter
1539 3170 1596 3224 in
1634 3170 1920 3241 Salzburg
1959 3171 2074 3238 vn,
2110 3172 2184 3224 20
2209 3161 2332 3223 'des
2373 3171 2441 3224 14
2477 3170 2675 3226 Jahrb.
2726 3171 2826 3226 mit
2875 3171 2984 3225 der

358 3259 602 3315 Melodie
640 3261 762 3329 (G).
835 3259 934 3314 Bei
970 3259 1146 3329 Gropp
1185 3259 1375 3328 script.
1413 3258 1776 3329 Wirceburg.
1803 3261 1854 3325 2,
1876 3259 1980 3311 895
2018 3258 2145 3326 (D).
2219 3257 2381 3311 Auch
2419 3257 2512 3311 bei
2552 3258 2747 3312 Daniel
2774 3261 2825 3326 2,
2852 3259 2983 3312 2⁰4.

359 3348 455 3421 Hs.
489 3364 603 3404 von
642 3348 700 3403 S.
737 3348 907 3401 Peter
943 3363 1013 3401 zu
1049 3346 1364 3400 Karlsruhe
1402 3346 1508 3400 No.
1549 3346 1631 3398 16.
1670 3361 1720 3414 p.
1758 3346 1878 3398 397.
1914 3343 2016 3398 mit
2051 3344 2153 3397 der
2187 3343 2467 3412 Melodie‚
2506 3346 2573 3397 14
2607 3344 2807 3398 Jahrb.
2848 3343 2980 3414 (E).

539 3471 568 3519 1
609 3466 906 3522 sollemnia
941 3467 1111 3534 ΕΑΒ,
1148 3483 1218 3520 so
1253 3467 1434 3520 haben
1473 3465 1617 3520 auch
1653 3465 1742 3518 die
1778 3465 2009 3520 meisten
2045 3466 2383 3537 Ausgaben,
2432 3466 2525 3520 ich
2560 3468 2727 3521 nahm
2758 3465 2984 3537 jedoch

359 3554 450 3608 die
497 3555 701 3608 Lesart
749 3570 863 3608 von
913 3554 957 3608 C
1007 3550 1132 3620 auf,
1196 3551 1331 3606 weil
1377 3552 1462 3608 sie
1510 3551 1619 3608 auf
1645 3556 1679 3605 2
1717 3552 1850 3607 Tim.
1888 3554 1940 3621 4,
1975 3556 2010 3606 ’ἶ
2044 3552 2286 3622 berum,
2349 3569 2445 3607 wo
2488 3554 2678 3608 bonum
2713 3557 2985 3607 certamen

364 3639 574 3692 ebenso
624 3640 724 3692 mit
770 3656 970 3694 corona
1007 3640 1332 3694 verbunden
1371 3640 1473 3709 ist,
1521 3639 1633 3694 wie
1670 3638 1794 3693 hier
1831 3641 1983 3694 beata
2016 3631 2305 3695 certamina
2339 3640 2441 3694 mit
2477 3645 2707 3695 victoria.
2781 3643 2815 3693 2
2854 3655 2983 3693 cer-

359 3723 570 3778 tamina
603 3724 810 3780 ABDE.
894 3727 927 3778 3
966 3723 1151 3796 fulget
1188 3757 1252 3767 —-
1291 3724 1503 3781 florens
1539 3727 1605 3781 Α.
1705 3728 1740 3780 6
1768 3730 1829 3780 ut
1866 3723 1903 3780 f.
1941 3730 1999 3780 et
2036 3727 2097 3782 C.
2181 3729 2216 3781 ⁷
2271 3726 2360 3780 die
2398 3725 2603 3780 zweite
2643 3725 2837 3781 Halfte
2875 3726 2983 3779 des

358 3810 567 3863 Verses
620 3811 774 3865 steht
822 3827 894 3865 an
945 3810 1043 3864 der
1079 3812 1259 3866 Stelle
1310 3813 1406 3868 des
1445 3812 1751 3885 folgenden
1792 3813 1997 3868 Verses
2046 3813 2160 3867 und
2201 3813 2338 3884 jene
2393 3812 2517 3867 hier
2565 3814 2621 3867 in
2661 3816 2721 3869 D.
2793 3816 2826 3867 9
2864 3814 2987 3867 sint

359 3893 400 3951 f.
440 3896 522 3950 sic
557 3898 672 3951 AB.
732 3899 799 3951 10
835 3898 1087 3968 paradisi
1122 3899 1357 3969 praemia
1391 3900 1454 3970 D,
1490 3903 1724 3970 proemia
1750 3901 1865 3969 AB,
1903 3899 2073 3954 electi
2099 3900 2545 3969 durchstrichen,
2584 3901 2694 3955 und
2733 3899 2983 3954 dariiber

357 3983 540 4053 erepti
577 3989 815 4056 gesetzt,
854 3985 952 4039 des
978 3985 1197 4040 Reimea
1228 4002 1449 4057 wegen,
1489 3987 1551 4056 B,
1588 3987 1788 4041 merita
1815 3987 1919 4043 GE.
1994 3989 2063 4040 12
2100 3986 2233 4041 vict.
2271 3983 2420 4042 fehlt
2454 3987 2520 4043 A.
2596 3990 2666 4040 14
2693 3985 2985 4043 Christum

356 4072 395 4125 f.
434 4071 539 4141 ips.
578 4070 639 4125 E.
715 4075 782 4126 15
818 4073 993 4145 hujus
1031 4071 1121 4127 fin.
1164 4073 1268 4129 GE.

538 4193 606 4249 V.
633 4197 683 4252 2.
739 4195 1042 4251 recolenda
1066 4195 1355 4252 solemnia.
1420 4192 1573 4250 δεῦτε
1611 4183 2257 4270 φιλομάρτυρερπιστοὶ,
2318 4190 2633 4266 τιμήσωμεν
2666 4191 2805 4253 τούς
2839 4189 2991 4266 μάρ-

356 4300 529 4358 τυρας
566 4283 624 4336 ἐν
660 4283 891 4353 ἐτησίοις
929 4282 1100 4356 ᾠδαῖς
1138 4288 1228 4338 καὶ
1265 4281 1510 4356 ᾅσμασιν
1546 4284 1604 4338 ἐν
1639 4289 1833 4339 πίστει.
1893 4284 2138 4338 Triodion
2173 4282 2246 4349 Z,
2295 4284 2347 4334 2.
2419 4280 2738 4350 Martyrum
2778 4295 2991 4334 memo-

353 4368 472 4421 rias
512 4367 880 4439 celebramus,
919 4376 1088 4441 atque
1126 4371 1184 4425 in
1224 4371 1506 4441 convivio,
1545 4386 1658 4441 quo
1696 4376 1754 4425 et
1789 4370 1900 4440 ipsi
1936 4368 2179 4424 saturati
2207 4372 2357 4438 sunt,
2393 4367 2467 4421 ad
2491 4383 2741 4422 mensam
2772 4365 2987 4420 domini

354 4454 685 4509 accedimus,
759 4457 834 4511 ad
868 4458 1048 4528 ipsam
1083 4474 1331 4513 mensam
1368 4475 1480 4512 non
1516 4458 1601 4511 sic
1638 4474 1740 4512 eos
1768 4472 2280 4524 commemoramuS,
2320 4455 2783 4525 quemadmodum
2811 4452 2985 4523 alios,

354 4540 449 4611 qui
485 4540 540 4594 in
577 4557 720 4612 pace
756 4544 1130 4612 requiescunt,
1166 4550 1230 4598 ut
1265 4544 1437 4598 etiam
1472 4560 1581 4616 pro
1619 4544 1702 4600 eis
1740 4561 1981 4615 oremus,
2019 4543 2121 4599 sed
2155 4542 2363 4615 magis,
2401 4547 2464 4597 ut
2499 4539 2611 4612 ipsi
2647 4557 2757 4612 pro
2794 4539 2987 4598 nobis.

351 4629 617 4700 Augu-sliu.
652 4626 713 4684 in
748 4643 951 4700 evang.
988 4630 1119 4686 Joh.
1156 4635 1227 4687 tr.
1265 4632 1350 4701 84,
1392 4635 1439 4685 1.
