3175 5234
393 224 522 292 192

388 415 596 502 Virgo
639 417 848 482 virum
894 417 1035 480 sine
1079 416 1256 499 viro,
1747 413 1959 495 Ergo,
2003 410 2114 495 pia
2155 427 2326 475 nunc
2366 416 2690 491 matrona,

474 539 700 585 verum
746 519 851 583 dei
893 517 1125 601 filium,
1834 533 1957 600 pro
2001 534 2104 578 me
2151 531 2376 597 quaeso
2422 512 2618 577 filiam
2923 515 3014 578 50

390 622 529 686 sine
574 622 762 706 spina
806 638 988 686 more
1038 620 1200 684 miro
1558 621 1642 684 35
1750 627 1817 684 et
1859 624 2165 701 nepotem
2211 633 2330 681 ora
2372 633 2582 699 prona

477 741 630 788 rosa
672 724 892 790 ferens
935 723 1155 789 lilium.
1838 718 2246 804 impetrando
2292 719 2568 801 gratiam
2583 767 2600 801 ,

389 912 581 977 Nulla
624 911 745 977 fuit
781 929 905 977 nec
946 918 1050 975 est
1093 909 1274 991 talis,
1748 909 1838 978 Ut
1879 908 2248 976 foecundum
2290 929 2413 994 per
2457 909 2759 974 affectum

477 1013 597 1080 sed
642 1032 766 1080 nec
807 1015 932 1078 erit
975 1013 1198 1078 similis
1835 1035 1957 1097 per
1999 1013 2213 1078 lumen
2262 1014 2646 1098 concipiam,

389 1119 482 1200 ei,
528 1137 719 1200 quam
763 1125 835 1183 tu
877 1114 1262 1183 foecundalis
1749 1117 1978 1183 Jesum
2021 1117 2299 1200 gignens
2342 1135 2465 1200 per
2509 1114 2810 1181 effectum
2920 1116 3006 1179 55

475 1219 790 1304 peperisti
833 1218 1091 1283 sterilis.
1555 1216 1642 1279 40
1839 1228 1907 1285 et
1948 1219 2312 1309 profectum
2355 1220 2649 1289 nutriam.

392 1406 446 1473 Ο
490 1412 685 1474 beata
722 1405 951 1490 Anna,
997 1405 1178 1472 clara
1748 1410 1855 1495 Ut,
1901 1412 1959 1475 si
2004 1429 2201 1475 carne
2240 1426 2370 1473 non
2416 1414 2767 1490 cognatus,

478 1518 623 1576 orta
668 1532 752 1576 ex
796 1509 1107 1594 prosapia
1121 1557 1140 1593 ,
1840 1518 1959 1579 sim
2002 1514 2406 1598 propinquus
2448 1511 2707 1595 spiritu,

391 1611 513 1677 sed
557 1613 942 1696 praeclarior
987 1618 1054 1676 et
1097 1630 1307 1693 gnara
1756 1618 2016 1684 Christo
2061 1636 2291 1683 canam
2334 1621 2770 1701 praesentatus

479 1733 552 1779 08
598 1733 681 1778 ex
726 1715 915 1798 prole
961 1713 1166 1796 regia·
1842 1720 1991 1785 coeli
2034 1737 2178 1784 cum
2222 1717 2541 1783 exercitu:
2920 1716 3009 1780 60

392 1901 479 1967 Et
523 1901 665 1985 quis
712 1899 908 1984 digne
953 1901 1092 1982 quit
1135 1900 1372 1965 efferre
1391 1948 1410 1982 ,
1560 1901 1645 1962 45
1754 1903 2097 1989 „Venienti
2139 1904 2223 1966 sit
2265 1920 2515 1967 osanna

481 2012 724 2087 quanta
769 2005 884 2071 tibi
928 2004 1169 2098 gloria,
1838 2009 1902 2073 in
1948 2008 2226 2074 excelsis
2275 2001 2606 2072 domino“!

396 2106 572 2191 quod
617 2107 885 2172 factoris
933 2108 1080 2172 coeli
1126 2114 1321 2172 terrae
1755 2116 1824 2174 et
1867 2110 1965 2175 sic
2009 2116 2252 2192 tecum,
2305 2115 2531 2173 sancta
2574 2104 2804 2190 Anna,

479 2215 681 2299 digna
724 2224 949 2280 exstas
995 2216 1162 2280 avia.
1844 2211 2030 2276 laeter
2075 2211 2215 2275 sine
2260 2210 2552 2274 termino.

574 2399 985 2469 Strassburger
1010 2397 1106 2452 Hs.
1145 2397 1214 2466 K,
1250 2397 1373 2452 316.
1409 2395 1495 2452 ΒΙ.
1520 2397 1644 2452 204.
1686 2399 1753 2451 15
1788 2396 1987 2454 Jahrh.
2024 2397 2139 2467 (A)
2174 2397 2289 2453 und
2322 2396 2706 2452 Reichenauer
2741 2397 3011 2469 Pap-Hs.

395 2485 505 2542 No.
540 2486 628 2539 36.
667 2483 751 2539 Bl.
792 2486 895 2539 198
931 2484 1058 2553 (Β).
1131 2484 1228 2539 Hs.
1277 2500 1348 2538 zu
1380 2484 1657 2539 Miinchen
1710 2483 1846 2540 Clm.
1880 2486 2036 2539 3012.
2082 2481 2124 2539 f.
2162 2485 2248 2539 82.
2296 2486 2363 2539 15
2393 2484 2595 2540 Jahrh.
2643 2485 2783 2556 (G),
2844 2490 3014 2542 uuter

395 2572 503 2628 den
538 2570 778 2627 Liedern
812 2571 910 2627 des
946 2570 1147 2626 Priors
1183 2571 1406 2628 Kourat
1439 2586 1554 2627 von
1591 2570 1840 2644 Gaming.

538 2696 567 2746 1
606 2692 770 2748 salve
805 2690 952 2748 fehlt
986 2692 1048 2747 C.
1143 2694 1179 2745 2
1217 2691 1446 2747 haberis
1482 2693 1571 2760 A,
1630 2691 1845 2747 habens
1882 2693 1974 2749 BG
1994 2732 2010 2761 ‚
2076 2691 2282 2765 gratiae
2317 2694 2378 2750 G.
2478 2694 2515 2747 3
2564 2694 2727 2765 cujus
2764 2692 2912 2750 fehlt
2948 2691 3012 2751 G.

396 2782 468 2834 12
503 2777 680 2836 flebat
714 2780 777 2834 B.
863 2783 933 2835 21
984 2778 1117 2833 vale
1163 2781 1278 2838 Ac.
1367 2782 1439 2835 35
1473 2781 1620 2835 miro
1652 2776 1802 2835 fehlt
1835 2781 1947 2836 AB.
2017 2783 2089 2835 45
2125 2781 2251 2853 quis
2287 2781 2363 2851 B,
2425 2780 2559 2852 quid
2592 2784 2660 2837 A.
2729 2784 2800 2836 52
2835 2781 3013 2853 impe·

395 2867 579 2923 raudo
615 2867 681 2922 A.
788 2870 859 2922 54
905 2866 1201 2937 parvulum
1239 2867 1317 2936 G,
1390 2863 1748 2939 fructumque
1785 2883 1940 2925 conc.
1994 2870 2056 2924 Β.
2162 2870 2234 2923 56
2282 2873 2341 2924 et
2374 2884 2479 2940 per
2513 2867 2725 2925 factam
2758 2870 2842 2939 A,
2903 2884 3014 2939 per

394 2959 609 3010 sanetae
645 2955 708 3009 B.
777 2955 844 3009 61
886 2954 968 3009 sic
1003 2955 1068 3010 A.
1139 2955 1212 3009 64
1246 2953 1460 3009 laeteris
1494 2955 1610 3012 AB.

572 3077 640 3130 V.
680 3079 765 3131 11.
818 3076 984 3146 avia,
1020 3074 1323 3153 προμήτωρ
1359 3082 1570 3152 κυρίου.
1620 3076 1733 3134 Jul.
1771 3079 1858 3132 25.
1931 3076 2320 3134 Emmanuelis,
2356 3079 2614 3136 Christus
2652 3076 2830 3132 heisst
2863 3076 3013 3131 auch

402 3162 707 3236 deswegen
742 3163 1083 3232 Emmanuel,
1121 3163 1256 3218 weil
1292 3179 1356 3219 er
1392 3165 1540 3220 noch
1575 3161 1971 3219 fortwahrend
2007 3166 2201 3221 lethe-fol·
2233 3172 2416 3221 anter·
2435 3182 2539 3221 uns
2575 3165 2653 3220 ist
2685 3164 2761 3219 im
2796 3162 3014 3219 salm-

393 3257 577 3307 mente
612 3252 712 3307 des
745 3252 966 3322 Altam,
1020 3252 1166 3308 deun
1202 3251 1391 3307 dieser
1425 3252 1834 3323 prophetische
1877 3254 2093 3308 Namen
2128 3253 2311 3327 bezog
2346 3254 2468 3309 sich
2504 3254 2658 3309 nicht
2694 3253 2867 3308 allein
2902 3250 3021 3308 auf

399 3340 506 3396 den
543 3340 826 3396 Zeitraum
882 3355 994 3394 von
1045 3339 1233 3395 seiner
1268 3337 1481 3395 Geburt
1528 3338 1617 3394 bis
1666 3356 1736 3393 zu
1774 3339 1960 3394 seiner
1994 3338 2347 3397 Himmelfart
2364 3381 2380 3410 ,
2443 3340 2686 3396 sondern
2725 3341 2869 3395 auch
2904 3337 3019 3395 auf

398 3426 505 3480 den
540 3427 870 3498 Aussprnch
901 3425 1118 3482 Christi
1153 3426 1246 3480 bei
1279 3426 1478 3482 matth.
1498 3428 1590 3496 28,
1607 3428 1695 3481 29.
1730 3443 1843 3498 ego
1878 3443 1993 3483 nnn
2028 3428 2318 3485 vobiscum
2355 3430 2587 3485 ombus
2621 3430 2797 3484 diebus
2830 3443 3015 3500 usque

396 3512 470 3567 ad
504 3512 1038 3568 consummationem
1076 3512 1286 3566 saeculi.

573 3599 642 3652 V.
677 3601 762 3651 17.
816 3596 914 3668 τῆς
952 3594 1246 3660 ἀπαιδείας
1281 3594 1504 3661 ὄνειδος.
1552 3598 1682 3655 Dec·
1719 3600 1770 3654 9.

1055 3950 1227 4025 794.
1282 3952 1398 4023 De
1453 3977 1507 4022 s.
1560 3954 1798 4025 Anna.
1867 3952 1958 4025 ad
2013 3980 2364 4054 vesperas·

395 4187 587 4256 Orbis
619 4188 918 4253 exultans
948 4188 1242 4253 celebret
1270 4188 1395 4253 hoc
1416 4189 1650 4254 festum
1752 4187 2048 4257 Abrahae
2136 4194 2391 4278 proleS‚
2482 4194 2894 4261 sacerdotum

394 4310 800 4377 prosequens
816 4291 1091 4376 Annam,
1134 4302 1407 4358 matrem
1425 4296 1650 4360 matris
2485 4315 2736 4378 semen,
2970 4301 3011 4360 5

1128 4396 1389 4479 Christi,
1754 4395 1889 4459 filia
1934 4417 2177 4479 regum,
2224 4399 2551 4482 specimen
2598 4399 2966 4482 Hebraeum,

397 4516 587 4580 quam
606 4499 812 4565 sacris
832 4500 1044 4564 credis
1066 4503 1316 4567 actibus
1345 4501 1648 4585 adeptam
1757 4499 2022 4582 stirpem
2068 4511 2438 4567 sanctorum
2483 4504 2727 4569 meritis
2771 4513 2839 4567 et
2873 4505 3015 4569 vita

608 4601 852 4681 gaudia
895 4603 1068 4667 vitae.
1964 4604 2343 4670 nobilitavit.
