3175 5234
2662 277 2753 342 79

120 457 315 528 σόφων
350 453 690 531 ἀποφράξας
725 454 1003 528 στόματα,
1052 456 1083 512 ὁ
1120 456 1216 531 τὴν
1251 454 1545 528 Ὴληνικὴν
1580 461 1816 526 σοφίαν,
1851 453 2117 530 καθάπερ
2155 451 2428 530 ἀράχνην,
2461 455 2746 525 διαλύσας,

121 541 156 599 ὅ
189 544 285 614 τὴν
320 547 635 615 οἰκουμένην
670 541 1058 619 περιδραμών,
1097 543 1128 599 ὁ
1167 541 1507 617 σαγηνεύσας
1543 543 1640 614 τὴν
1674 541 1978 598 θάλασσαν
2013 545 2103 596 καὶ
2141 537 2399 605 ditatione
2434 541 2529 613 τὴν
2564 546 2742 599 οἰκου-

117 635 295 703 μένην.
358 633 616 702 chrysost.
651 631 798 685 hom.
835 633 873 686 ll-
920 631 976 686 iu
1014 630 1142 686 lsai.
1176 634 1228 686 3.
1300 631 1449 687 Was
1497 628 1625 685 hier
1662 631 2105 702 chrysostomus
2146 635 2308 701 sagn
2371 629 2503 686 dass
2538 632 2742 687 Petrus

118 719 222 774 das
256 718 542 774 romische
577 718 752 773 Reich
786 717 913 789 (τὴν
951 720 1298 789 οἰκουμένην)
1348 718 1562 774 bereist
1598 719 1771 787 habe,
1837 718 2041 774 beruht
2087 732 2211 772 zum
2262 717 2426 772 'rheil
2471 714 2579 771 auf
2618 716 2741 771 dem

118 805 400 876 Zeugniss
436 802 536 858 des
569 803 841 873 Apostels
876 804 1106 874 Paulus,
1143 805 1386 860 wonach
1424 804 1633 859 Petrus
1669 804 1729 859 in
1768 804 2012 859 Korinth
2047 804 2148 859 (las
2185 803 2606 860 Christenthum
2641 817 2740 874 ge·

117 892 349 963 predigt
386 891 498 946 und
530 891 788 947 melu-ere
823 890 1068 947 bekehrt
1101 890 1216 946 hat.
1273 893 1302 943 1
1342 891 1475 947 Cor.
1517 893 1567 959 1,
1609 893 1691 944 12.
1730 892 1784 958 3,
1816 893 1905 943 22.

292 986 362 1040 V.
401 988 489 1042 39.
543 986 638 1042 leo
673 985 854 1041 tribus
889 985 1037 1042 Juda
1064 986 1142 1041 ist
1175 985 1455 1043 Christus.
1490 988 1634 1039 nach
1670 984 1910 1055 Apocal.
1946 987 1997 1053 5,
2035 987 2085 1038 5.
2124 984 2257 1039 Gen.
2293 986 2384 1054 49,
2416 986 2467 1039 9.

1048 1307 1220 1411 678.
1298 1337 1414 1410 ne
1460 1358 1515 1406 s„
1569 1333 1815 1406 Petro.

113 1573 321 1641 Salve
364 1586 594 1640 sancte
636 1574 866 1657 Petre‚
911 1576 1079 1640 mitis
1480 1573 1592 1655 qui
1633 1579 1785 1657 post
1827 1572 2045 1638 fletum
2091 1580 2156 1638 te
2201 1573 2437 1639 direxit

200 1680 421 1745 ovium
470 1679 770 1743 ecclesiae
1039 1667 1050 1680 “
1564 1677 1632 1739 in
1677 1676 2006 1760 piscamen
2051 1676 2388 1741 hominum.

112 1790 359 1866 pastor,
405 1783 657 1866 palmes
701 1802 882 1847 verae
924 1783 1111 1864 vitis,

198 1886 480 1949 fructum
525 1884 659 1949 fers
692 1885 968 1969 justitiae
981 1906 1000 1967 3
1479 1864 1573 1928 ΤΘ
1617 1866 1912 1949 ΡῙὌΰθῙῙᾶ
1946 1883 2074 1930 ΠΟΠ
2120 1866 2428 1948 ῘΙΝΟῙὛῙῐ,

1564 1966 1714 2030 dum
1758 1987 1877 2051 per
1920 1987 2098 2032 mare
2145 1967 2472 2051 graderis,
2646 1971 2734 2034 30

113 2072 415 2155 claudis,
462 2076 679 2158 aperis
725 2076 1032 2140 coelorum
1328 2078 1366 2138 5
1477 2074 1751 2156 angelus
1805 2083 1868 2138 te
1914 2076 2074 2137 mire
2122 2075 2318 2139 solvit

197 2197 470 2261 regnum
516 2179 703 2260 regni
750 2180 1072 2260 clavibus,
1562 2196 1605 2240 a
1649 2178 1949 2241 clausura
1994 2177 2294 2242 carceris.

114 2297 154 2343 o
196 2282 508 2365 princeps
554 2280 1026 2364 apostolorum,

198 2385 307 2465 qui
352 2384 598 2447 relictis
643 2386 935 2450 omnibus
1473 2362 1723 2449 Aegris
1768 2373 2049 2451 praestas
2094 2363 2475 2431 medicinam

1563 2470 1858 2554 corporis
1905 2469 2281 2535 umbraculo

115 2573 441 2641 Clu-istum
489 2581 740 2657 petram
785 2575 1076 2660 imitaris,
1473 2578 1540 2635 et
1583 2572 1886 2636 virtutem
1930 2591 2052 2655 per
2098 2570 2377 2636 divinam
2643 2573 2726 2637 35

196 2697 238 2740 a
281 2693 412 2756 quo
455 2673 687 2740 Petrus
731 2676 999 2758 diceris,
1282 2681 1361 2743 10
1559 2675 1834 2740 suscitas
1878 2694 1919 2739 a
1965 2675 2223 2740 tumulo.

114 2777 177 2840 in
221 2776 463 2840 tributo
511 2778 912 2860 compararis

197 2878 456 2943 domino
500 2898 642 2962 μω
688 2882 942 2945 ceteris,
1469 2865 1544 2930 In
1591 2865 1971 2951 despectum
2015 2866 2089 2930 fit
2133 2884 2361 2931 rasura

1556 2967 1673 3031 tibi
1717 2963 2120 3048 Antiochiae,

120 3065 232 3143 Qui
279 3065 426 3131 dum
474 3086 547 3130 se
596 3067 1082 3150 transfiguravit
1471 3085 1617 3150 quae
1663 3086 1834 3132 nunc
1879 3068 2057 3132 clero
2094 3087 2519 3151 permansura

198 3176 264 3233 et
306 3178 377 3234 ut
421 3171 522 3235 sol
565 3172 993 3256 resplenduit,
1556 3178 1659 3233 est
1703 3187 1947 3234 corona
1989 3170 2237 3252 gloriae.
2640 3173 2724 3236 40

120 3271 262 3338 dum
307 3275 590 3359 puellam
636 3278 971 3342 suscitavit
1284 3281 1362 3341 15

198 3386 266 3441 οι
307 3378 465 3442 vitae
510 3380 816 3458 restituit,
1467 3358 1735 3444 Septem
1780 3359 1964 3424 annis
2001 3356 2447 3422 cathedratum

1552 3470 1738 3526 tenes
1783 3455 1873 3526 ibi
1917 3461 2187 3526 firmiter

118 3555 195 3623 Et
236 3578 381 3625 cum
426 3567 680 3643 patrem
725 3563 1043 3626 exorabat
1466 3574 1534 3630 et
1574 3574 1677 3628 ter
1722 3563 1906 3628 denis
1949 3563 2367 3647 praesulatum

195 3664 418 3726 mortis
463 3681 605 3746 prae
649 3665 984 3746 angustia,
1552 3666 1780 3731 Romae
1822 3664 2252 3730 laudabiliter.

119 3769 177 3826 te
211 3781 506 3827 seorsum
551 3763 921 3830 advocabat

195 3864 467 3948 speciali
511 3866 743 3947 gratia.
1276 3869 1359 3931 20
1464 3855 1688 3923 Simon
1736 3879 1968 3942 magus
2013 3858 2131 3926 dat
2172 3860 2418 3925 ruinam
2637 3860 2722 3922 45

1549 3979 1670 4041 per
1714 3968 1781 4024 te
1829 3961 1928 4025 sui
1973 3960 2305 4044 corporis,

117 4048 326 4115 Jcsum
373 4071 447 4115 es
494 4050 818 4116 Christum
854 4053 1220 4118 confessus’
1460 4057 1639 4124 Nero
1683 4080 1939 4126 crucem
1984 4081 2106 4145 per
2150 4062 2442 4145 supinam

190 4153 322 4216 vivi
367 4151 476 4216 dei
521 4150 753 4235 filium,
1547 4163 1740 4229 finem
1785 4166 1875 4229 tui
1920 4165 2248 4248 temporis.

117 4253 286 4336 cujus
331 4270 518 4317 amor
561 4252 921 4319 indefessus

185 4366 250 4422 te
295 4355 381 4421 ad
428 4376 673 4440 prunas
718 4359 958 4442 ignium
1460 4348 1514 4412 Ο
1558 4349 1846 4432 piscator
1889 4356 2307 4431 peecatorum

1546 4450 1739 4516 hamo
1785 4451 2242 4534 indulgentiae,
2634 4450 2716 4513 50

116 4539 557 4627 Abnegantem
604 4562 752 4609 mox
797 4549 1111 4632 respexit,
1270 4555 1355 4617 25
1457 4572 1560 4617 me
1609 4553 1692 4617 de
1734 4555 1895 4618 mari
1940 4554 2239 4619 vitiorum

184 4650 559 4731 recognosti
605 4648 953 4735 dominum,
1545 4656 1672 4720 duc
1716 4656 1801 4720 ad
1844 4656 1994 4721 litus
2039 4657 2305 4740 gratiae!
