3175 5234
427 273 512 338 38

604 455 699 510 Hs.
739 472 804 509 zu
845 455 1157 510 Karlsruhe
1197 472 1247 509 ο.
1284 455 1392 509 Νο.
1430 457 1500 509 14
1533 454 1730 509 Jahrb.
1769 454 1854 508 131.
1892 456 1978 507 31.
2031 453 2133 508 mit
2168 453 2267 507 der
2303 452 2542 509 Melodie
2592 453 2726 523 (Κ).
2799 453 2900 509 ns.
2935 454 3025 509 der

433 543 677 597 ambros.
724 541 1051 597 Bibliothek
1097 559 1168 597 zu
1203 540 1479 609 Mailand‚
1527 540 1611 607 u,
1652 543 1721 593 25
1771 540 1868 594 des
1909 542 1973 593 15
2010 539 2209 594 Jahrh.
2260 540 2395 609 (M).
2472 540 2575 593 Bei
2609 541 2807 597 Daniel
2841 546 2892 612 1,
2935 544 3025 596 1⁰⁰

428 630 580 684 steht
621 630 767 682 noch
803 625 1071 699 folgende
1109 627 1612 697 Schlussstropbe:

567 716 642 771 sit
679 715 920 771 trinitati
954 715 1193 770 maxima
1229 714 1448 786 gloria,
1732 712 1809 768 sit
1843 708 2120 768 fortitudo
2158 729 2227 768 ac
2262 711 2678 785 magnificentia

560 806 686 862 laus
723 812 782 861 et
816 812 1073 877 potestas
1111 812 1168 860 et
1204 804 1514 875 sapientia,
1733 803 1828 857 uni
1863 803 1969 859 deo
2005 820 2109 874 per
2144 805 2318 859 saecla
2354 808 2640 874 perennia.

599 948 633 999 3
671 944 936 999 claudere
974 940 1121 998 fehlt
1152 942 1223 1010 M,
1261 941 1482 997 nescius
1520 941 1585 996 K.
1661 944 1696 994 4
1732 941 1890 995 erilis
1926 942 1998 995 Μ.
2087 944 2120 994 5
2159 942 2379 1012 regiam
2415 943 2480 996 K.
2553 944 2587 997 8
2623 942 2939 997 claustrum
2971 943 3026 996 K.

424 1032 495 1087 25
531 1045 738 1100 seuque
776 1027 974 1085 funere
1011 1030 1080 1084 Μ.
1152 1031 1223 1083 28
1259 1029 1472 1099 repleri
1508 1028 1577 1084 M.
1650 1029 1720 1082 29
1756 1027 1891 1082 dant
1926 1028 1991 1081 K.
2063 1028 2134 1081 30
2170 1029 2395 1083 tradere
2432 1031 2500 1084 Μ.
2554 1030 2608 1085 Μ
2636 1030 2736 1084 hat
2762 1027 3024 1100 folgende

426 1114 744 1186 Doxologie
783 1117 931 1171 ohne
966 1116 1288 1170 Versmass:
1341 1115 1540 1170 Gloria
1582 1115 1688 1168 tibi
1724 1115 1893 1185 patri,
1929 1113 2121 1184 gloria
2155 1114 2447 1185 unigenito
2486 1131 2606 1169 cum
2642 1117 2868 1185 spiritu.
2923 1117 3026 1171 nas

428 1204 724 1258 Versmass
761 1204 835 1258 ist
871 1220 973 1257 aus
1013 1204 1114 1257 der
1151 1202 1478 1256 alciiischen
1516 1201 1764 1271 Strophe
1802 1200 2070 1271 gebildet,
2108 1201 2393 1256 Ennodius
2428 1202 2668 1257 braucht
2701 1220 2767 1256 es
2805 1203 3025 1267 ebenso,

426 1290 527 1344 das
563 1291 699 1345 Lied
736 1293 946 1361 gehort
983 1290 1126 1343 auch
1164 1289 1221 1341 in
1257 1289 1415 1342 scine
1453 1287 1605 1356 Zeit,
1643 1289 1678 1340 6
1712 1287 1907 1342 Jahrb.

601 1429 664 1481 V.
708 1432 750 1482 1.
807 1426 838 1482 ό
879 1427 937 1480 ἐκ
972 1424 1262 1501 προφήτου
1299 1425 1585 1502 προφήτης
1622 1424 1926 1500 γενόμενος.
1998 1428 2140 1498 Aug.
2174 1428 2261 1481 29.

602 1514 664 1568 V.
702 1517 754 1567 2.
808 1512 1059 1569 nobilior
1095 1528 1169 1568 sc.
1211 1515 1525 1584 propheta,
1564 1512 1739 1568 daher
1775 1511 2070 1589 προφητῶν
2107 1511 2558 1588 σεβασμιώτερος.
2607 1515 2732 1569 Jan.
2770 1516 2818 1569 6.

604 1602 672 1655 V.
709 1602 756 1655 8.
819 1601 1126 1656 claustrum
1162 1601 1424 1671 pudoris,
1462 1602 1537 1657 ist
1573 1601 2033 1656 ambrosianisch.
2088 1601 2145 1657 S.
2186 1603 2292 1656 Νο.
2329 1603 2415 1669 30,
2456 1603 2537 1656 14.

599 1688 667 1741 V.
708 1690 790 1741 12.
847 1674 1033 1759 δεεσμόια
1064 1686 1367 1761 διαῤῥήξας
1403 1685 1654 1761 γλώσσης
1689 1685 1914 1763 πατρός.
1968 1689 2111 1758 Aug.
2146 1688 2234 1742 29.

600 1774 668 1828 V.
710 1776 791 1828 16.
850 1774 1016 1829 Diese
1053 1774 1394 1829 moralische
1431 1774 1754 1845 Beziehung
1802 1774 1902 1828 hat
1937 1774 2061 1828 eine
2097 1774 2537 1846 geschichtliehe
2573 1774 2939 1830 Gleichstelle
2973 1776 3022 1829 in

428 1865 533 1919 den
572 1862 836 1930 Menaen,
898 1877 996 1918 wo
1030 1863 1321 1918 Johannes
1359 1861 1418 1915 in
1454 1861 1647 1932 Bezug
1683 1858 1790 1915 auf
1816 1861 1905 1916 die
1942 1861 2276 1917 Stummheit
2322 1862 2505 1916 seines
2542 1862 2748 1917 Vaters
2783 1862 2898 1916 und
2932 1857 3028 1917 auf

429 1953 520 2007 die
555 1947 861 2021 Erffinung
897 1949 999 2005 der
1034 1949 1536 2020 Prophezeiungen
1575 1952 1826 2019 genannt
1858 1948 2006 2002 wird
2054 1953 2296 2024 σφραγὶς
2331 1947 2546 2003 πάντων
2580 1951 2687 2003 τῶν
2722 1948 3022 2024 προφητῶν.

431 2040 587 2109 Sept.
626 2040 714 2093 23.

603 2123 668 2178 V.
706 2125 931 2178 16—20.
988 2119 1359 2177 Aussiihrlich
1396 2121 1522 2193 gibt
1556 2122 1712 2176 diese
1747 2121 2071 2192 Beziehung
2107 2120 2452 2191 Augustinus
2488 2137 2577 2190 an,
2616 2138 2779 2177 serm.
2817 2125 2942 2190 293,
2976 2127 3022 2178 2.

424 2214 650 2267 videtur
684 2211 974 2266 Johannes
1022 2210 1355 2281 interjectus
1402 2208 1625 2278 quidam
1674 2208 1834 2266 limes
1882 2212 2345 2263 testamentorum
2394 2207 2657 2277 duorum,
2720 2210 2937 2264 veteris
2972 2215 3024 2263 et

424 2300 575 2354 novi.
643 2313 770 2354 nam
821 2312 945 2351 eum
985 2312 1111 2350 esse
1149 2295 1390 2364 quodam
1424 2294 1593 2349 modo
1630 2293 1887 2362 limitem,
1944 2294 2201 2350 dominus
2236 2294 2360 2363 ipse
2396 2298 2635 2349 testatur
2672 2295 2889 2350 dicens:
2941 2297 3023 2351 lex

424 2392 483 2439 et
530 2384 827 2455 prophetae
877 2398 1049 2451 usque
1099 2381 1172 2436 ad
1207 2381 1523 2435 Jobannem
1571 2380 1876 2451 baptistam
1923 2382 2082 2451 (Luc.
2122 2381 2206 2450 16,
2243 2381 2358 2451 16).
2430 2381 2684 2437 Sustinet
2721 2398 2868 2454 ergo
2903 2399 3026 2453 per·

423 2485 621 2524 sonam
668 2469 968 2522 vetustatis
1016 2472 1073 2521 et
1121 2468 1465 2536 praeconium
1513 2468 1800 2521 novitatis.
1866 2474 2104 2538 propter
2151 2483 2448 2538 personam
2497 2469 2802 2525 vetustatis
2837 2470 2910 2523 de
2947 2486 3026 2526 se-

422 2553 587 2610 nibus
624 2554 893 2621 nascitur,
930 2558 1166 2624 propter
1202 2569 1506 2623 personam
1542 2553 1814 2608 novitatis
1850 2554 1906 2607 in
1943 2554 2255 2609 visceribus
2291 2555 2487 2610 matris
2525 2556 2807 2625 propheta
2843 2556 3028 2611 decla-

422 2647 596 2697 ratur.
654 2641 942 2697 remmam
962 2640 1089 2693 adv.
1108 2640 1279 2694 Marc.
1299 2641 1351 2707 4,
1368 2641 1439 2693 33
1458 2644 1617 2709 sagt:
1654 2655 1760 2695 nos
1788 2641 2016 2696 limitem
2043 2642 2312 2712 quendam
2342 2643 2700 2713 agnoscimus
2716 2643 3027 2699 Johannem

424 2729 787 2784 constitutum
834 2727 981 2782 inter
1028 2732 1226 2782 vetera
1275 2732 1331 2780 et
1373 2742 1549 2794 nova,
1604 2726 1677 2780 ad
1712 2744 1872 2797 quem
1909 2727 2189 2783 desineret
2216 2727 2529 2800 judaismus
2578 2735 2635 2784 et
2669 2746 2703 2784 a
2741 2747 2854 2800 quo
2893 2731 3026 2785 inci-

423 2820 588 2886 peret
615 2813 1074 2868 christianismus.
1133 2813 1263 2884 Vgl.
1287 2813 1393 2867 No.
1418 2813 1540 2881 650,
1562 2815 1642 2867 14.
1713 2810 1954 2885 Ἰωάννης
1990 2814 2021 2870 ὁ
2048 2812 2209 2882 πάνυ,
2245 2814 2278 2870 ὁ
2314 2815 2425 2890 πρὸ
2460 2816 2559 2870 τοῦ
2595 2816 2776 2887 φωτὸς
2814 2816 3027 2887 λύχνος,

422 2898 457 2972 ἧ
493 2902 604 2978 πρὸ
640 2900 739 2956 τοῦ
774 2899 940 2971 λόγου
977 2899 1157 2972 φωνὴ,
1198 2896 1229 2955 ὁ
1267 2898 1377 2973 πρὸ
1415 2898 1514 2955 τοῦ
1547 2905 1772 2970 μεσίτου
1806 2907 2054 2973 μεσίτης,
2100 2907 2318 2974 μεσίτης
2354 2901 2594 2965 παλαιᾶρ
2630 2902 2908 2975 διαθήκης
2941 2910 3026 2961 καὶ

423 2993 560 3052 νέας.
613 2989 830 3059 Greqor.
866 2988 995 3043 Naz.
1033 3002 1116 3043 or.
1151 2990 1219 3041 21
1259 3003 1314 3057 p.
1350 2989 1471 3041 375.

599 3075 666 3129 V.
705 3078 789 3128 17.
841 3090 953 3129 vox
990 3074 1181 3144 verbi,
1245 3075 1457 3129 ebenso
1515 3079 1686 3129 neunt
1731 3075 1825 3129 ibn
1876 3076 2087 3131 Comae
2121 3077 2320 3132 Hieros.
2369 3082 2583 3148 tropar.
2633 3078 2689 3132 iu
2721 3078 3027 3148 theophan.

419 3167 490 3219 st.
529 3165 613 3216 15.
673 3159 706 3232 ἦ
743 3161 893 3234 φωνὴ
930 3161 1028 3219 τοῦ
1065 3160 1249 3237 λόγου,
1288 3162 1319 3219 0‘
1356 3160 1556 3232 λύχνος
1584 3160 1683 3217 τοῦ
1710 3160 1907 3233 φωτός,
1947 3160 1978 3218 ὁ
2004 3162 2286 3240 ἑωσφόρος
2318 3160 2352 3220 ὅ
2379 3164 2477 3221 τοῦ
2505 3165 2660 3236 ἡλίου
2686 3163 3026 3241 πρόδρομος.

422 3249 567 3318 Quid
601 3250 897 3319 miramur,
962 3249 1013 3304 si
1049 3251 1281 3306 verbum
1319 3250 1429 3305 sibi
1465 3247 1602 3304 fecit
1636 3250 1875 3305 vocem‘i
1945 3267 2059 3306 vox
2105 3252 2421 3323 Jonannes,
2482 3253 2714 3307 verbum
2751 3253 3027 3310 Christus.

424 3341 694 3411 Anquslini
719 3354 884 3393 serm.
912 3338 1034 3407 288,
1070 3340 1120 3392 2.

593 3427 657 3481 V.
701 3429 781 3482 18.
835 3430 1030 3499 μείζων
1078 3425 1377 3501 προφητῶν
1431 3423 1738 3497 γενόμενος.
1789 3427 1934 3496 Aug.
1971 3428 2059 3480 29.
2131 3424 2241 3482 ὖπό
2292 3427 2437 3483 θεοῦ
2488 3432 2685 3499 μείζων
2729 3429 3025 3506 προφητῶν

419 3517 812 3587 μαρτυρηθεὶς.
851 3513 923 3567 ib.
987 3511 1272 3588 προφήτης
1311 3510 1607 3588 προφητῶν
1641 3510 1859 3568 πάντων
1894 3508 2205 3590 ὑπέρτερος.
2267 3517 2411 3587 Aug.
2449 3517 2533 3570 30.

590 3650 693 3703 Die
736 3649 937 3704 beiden
990 3650 1185 3717 Peste,
1252 3666 1420 3704 wozu
1468 3650 1653 3705 dieses
1700 3652 1837 3706 Lied
1886 3652 2165 3708 bestimmt
2213 3653 2313 3720 ist,
2377 3653 2502 3708 sind
2537 3653 2627 3709 die
2663 3655 2881 3711 Geburt
2917 3657 3024 3711 und

416 3735 816 3806 Enthauptung
852 3735 949 3789 des
986 3735 1290 3790 Johannes.
1363 3737 1504 3792 Jene
1541 3735 1724 3792 feiern
1759 3738 1850 3793 die
1888 3740 2151 3795 Lateiner
2187 3739 2296 3794 und
2334 3739 2607 3795 Griechen
2644 3757 2735 3795 am
2767 3744 2840 3796 24
2873 3743 3022 3809 Juni,

420 3822 573 3877 diese
610 3838 699 3876 am
734 3824 805 3876 29
841 3824 1075 3893 August.
1145 3820 1267 3877 Aur
1304 3823 1393 3877 die
1444 3823 1656 3879 andern
1689 3826 1856 3882 Feste
1904 3826 2086 3882 dieses
2121 3827 2380 3899 Heiligen
2417 3827 2601 3883 haben
2637 3828 2727 3882 die
2762 3829 3025 3884 Lateiner

419 3908 583 3963 keine
619 3908 847 3977 Lieder,
888 3909 1005 3965 wol
1042 3908 1181 3964 aber
1219 3910 1307 3965 die
1346 3910 1636 3967 Griechen.

1142 4223 1316 4297 648.
1388 4224 1501 4294 De
1560 4220 1894 4295 Johanne
1939 4220 2261 4320 baptista.

415 4423 592 4486 Inter
635 4432 822 4488 natos
866 4426 1200 4491 mulierum
1770 4426 1954 4508 cujus
2001 4434 2271 4489 matrem
2321 4425 2629 4490 salutavit

416 4524 523 4588 hic
565 4523 899 4589 Johannes
944 4546 1063 4592 vas
1110 4529 1431 4597 sincerum
1768 4528 1960 4610 virgo
2009 4536 2241 4608 mater,
2289 4546 2436 4610 quae
2480 4530 2770 4612 portavit
2981 4533 3019 4593 5

500 4625 928 4709 principatum
976 4629 1205 4710 tenuit,
1865 4629 2187 4695 Christum
2205 4680 2222 4715 ,
2270 4651 2457 4715 quem
2503 4640 2569 4697 et
2612 4633 2852 4715 genuit.
