3175 5234
823 929 2052 1024 HEILIGENLIEDER.

1335 1156 1532 1166 ——-

332 1285 507 1358 621.
576 1284 830 1360 Oratio
883 1287 972 1359 ad
1028 1289 1381 1365 dominum
1436 1307 1507 1367 et
1557 1296 1649 1368 ad
1700 1322 1943 1369 omnes
1996 1307 2278 1369 sanctos
2330 1296 2504 1396 ejus.

116 1499 321 1585 Dens,
365 1514 559 1589 pater
603 1509 998 1576 credentium
1019 1558 1037 1593 ,

117 1604 292 1670 salus
335 1609 402 1673 iu
448 1619 515 1674 te
561 1616 988 1698 sperantium,

116 1709 354 1773 exaudi
396 1731 635 1794 preces
681 1717 961 1800 servuli,

119 1826 277 1888 quas
320 1810 530 1877 fundit
573 1815 774 1880 corde
821 1819 1114 1902 supplici.

115 1970 241 2037 Fili
286 1974 394 2039 dei
437 1979 721 2060 piissime
735 2028 753 2063 ,
1325 1988 1366 2050 5

116 2074 422 2157 dignatus
467 2083 643 2147 nasci
688 2086 976 2168 virgine,

118 2177 361 2241 exaudi
406 2183 621 2246 cordis
663 2186 941 2251 hostiam

112 2280 325 2360 patris
372 2280 608 2348 sedens
654 2286 740 2350 ad
783 2288 1137 2355 dexteram.

111 2439 474 2510 Amborum
518 2457 745 2513 sancte
790 2452 1086 2537 spiritus,

113 2543 366 2611 dextrae
411 2547 520 2612 dei
565 2559 633 2615 tu
678 2550 956 2637 digitus,
1279 2561 1361 2624 10

111 2650 339 2713 mentis
384 2663 643 2719 secreta
686 2658 883 2722 visita

111 2757 347 2835 tuaque
389 2756 575 2840 reple
620 2760 851 2840 gratia.

112 2911 410 2982 Personis
454 2930 683 2985 sancta
729 2924 980 2989 trinitas
998 2973 1017 3008 ,

115 3016 225 3080 sed
270 3018 516 3086 deitate
560 3026 773 3087 unitas
790 3073 806 3106 ‚

117 3119 335 3188 adesto
381 3124 548 3188 meis
591 3127 928 3209 precibus,
1280 3136 1360 3196 15

116 3225 275 3287 votis
316 3228 553 3293 favens
598 3229 1016 3313 supplicibus.

110 3379 299 3466 Auge
345 3387 574 3470 fidem,
620 3398 691 3453 tu
736 3392 1030 3473 trinitas,

110 3502 281 3568 spem
325 3511 541 3574 auge,
588 3502 816 3559 sancta
851 3497 1098 3579 unitas,

111 3597 177 3651 ut
218 3599 281 3655 te
324 3594 637 3677 colendo,
685 3596 923 3679 deitas,

114 3709 210 3755 me
253 3693 471 3760 firmet
515 3706 623 3763 tua
668 3701 929 3766 caritas.
1273 3708 1359 3772 20

117 3854 233 3931 Qui
276 3860 439 3937 deus
460 3862 699 3929 -homo
744 3865 980 3931 diceris

58 4056 61 4063 ⁴
117 3968 183 4023 et
220 3983 416 4031 verus
459 3967 653 4034 homo
700 3973 1021 4055 nosceris,

116 4080 427 4136 memento
476 4074 606 4137 mei
648 4073 950 4159 hominis,

119 4183 253 4232 cum
288 4172 590 4255 judicare
633 4178 915 4242 veneris.

117 4323 188 4389 In
226 4329 380 4413 hoc,
421 4336 596 4417 quod
639 4358 864 4403 manes
912 4341 1151 4427 deitas,
1271 4347 1356 4409 25

117 4434 329 4499 reatus
376 4437 523 4504 dele
570 4444 889 4528 sarcinas,

117 4539 184 4595 ut
226 4534 379 4621 hoc,
427 4543 602 4624 qnod
649 4564 722 4609 es
767 4546 1166 4636 humanitas,

120 4632 199 4695 ad
239 4657 339 4703 me
385 4641 691 4712 deflectat
736 4648 966 4731 pietas.

199 4765 363 4828 noue,
391 4774 562 4823 latein.
592 4779 841 4837 nymnos.
876 4781 964 4828 111.

1471 1520 1769 1605 Regnum
1806 1520 2046 1604 jurasti
2091 1519 2417 1604 patribus,

1470 1625 1822 1709 promisisti
1863 1624 2253 1707 sequacibus
2270 1669 2289 1701 ,
2636 1618 2724 1683 30

1472 1738 1539 1793 ut
1585 1737 1885 1793 servetur
1928 1725 2308 1810 promissio,

1469 1850 1740 1914 regnum
1787 1827 2076 1896 concede
2120 1828 2380 1893 famulo.

1470 1993 1810 2059 Concedat
1854 2001 1964 2057 tua
2008 1994 2255 2075 pietaS,

1472 2114 1621 2177 quae
1667 2092 1964 2176 deposcit
2005 2092 2327 2156 humilitas
2345 2137 2363 2172 ,

1472 2204 1544 2261 ut
1587 2195 1760 2280 quod
1804 2195 2102 2278 promisit
2141 2194 2379 2258 caritas
2398 2240 2415 2273 ,
2634 2192 2720 2255 35

1471 2306 1861 2381 assequatur
1903 2295 2253 2361 hereditas.

1466 2462 1711 2545 Maria,
1759 2461 1949 2543 virgo
1995 2459 2350 2541 virginum,

1465 2564 1931 2649 redemptionis
1978 2563 2246 2641 ostium,

1466 2679 1659 2754 porta
1704 2669 1930 2734 salutis
1974 2670 2231 2750 integra
2248 2715 2267 2750 ,

1464 2774 1670 2856 lapsis
1716 2773 2038 2837 cervicem
2082 2769 2326 2836 releva.
2633 2769 2720 2832 4⁰

1464 2935 1722 3001 Petenti
1764 2953 2022 2999 manum
2066 2933 2367 3016 porrige,

1466 3038 1701 3122 quietis
1747 3054 1937 3120 opem
1975 3037 2187 3101 tribue

1466 3150 1532 3204 et
1573 3160 1697 3223 per
1740 3148 1916 3205 tuum
1962 3139 2265 3203 auxilium

1464 3242 1735 3325 placare
1784 3260 1940 3305 cura
1983 3242 2197 3305 filium.

1466 3404 1721 3487 Regina
1765 3402 1946 3485 coeli,
1992 3402 2287 3483 domina,
2634 3402 2720 3465 45

1465 3514 1674 3572 mater
1719 3506 1829 3571 dei
1873 3504 2261 3585 castissima,

1464 3617 1538 3675 ut
1579 3627 1807 3673 manus
1851 3613 2123 3691 praestet
2167 3604 2312 3688 filii,
2482 3689 2488 3697 ⁸

1466 3711 1643 3792 quod
1686 3727 1919 3774 servus
1961 3708 2205 3791 poscit,
2249 3707 2540 3774 subveni.

1467 3873 1563 3938 Tu
1607 3872 1893 3938 Michael
1938 3871 2333 3954 archangele
2354 3918 2372 3953 ,

1466 3974 1618 4039 coeli
1658 3977 1964 4058 princeps
2011 3973 2288 4055 militiae,
2630 3971 2717 4034 50

1466 4092 1585 4141 ora
1630 4075 1931 4140 draconis
1977 4082 2286 4155 concute,

1468 4199 1549 4244 ne
1595 4187 1872 4244 noceant
1913 4180 1980 4243 in
2024 4177 2312 4242 vulnere.

1463 4344 1799 4426 Interpres
1838 4341 1944 4405 dei
1988 4337 2258 4404 Gabriel

1462 4456 1529 4513 et
1573 4445 1894 4511 medicina
1936 4441 2241 4526 Raphael
2703 4500 2708 4507 ,

1465 4569 1610 4615 cum
1655 4547 1992 4613 cherubim
2036 4556 2103 4612 et
2146 4546 2504 4633 seraphim,
2632 4541 2718 4604 55

1465 4654 1674 4719 hostis
1720 4660 1954 4718 necate
1997 4652 2316 4718 haeresim.

2210 4762 2246 4823 1
