3175 5234
1024 683 1199 757 987.
1280 682 1671 783 Sequentia
1724 679 1813 752 de
1863 706 1920 752 s.
1971 680 2335 752 Raterina.

370 912 702 980 Katerinae
749 911 1090 977 sollemnia
1303 900 1308 904 ’
1732 912 1949 995 Ipsam
1986 907 2245 974 tandem
2292 907 2691 991 argumentis
2924 909 3012 971 25

371 1023 598 1082 sancta
639 1016 813 1081 colat
858 1015 1170 1097 ecclesia,
1819 1012 2179 1094 logicorum
2224 1011 2412 1076 cunei

371 1138 570 1203 super
606 1119 792 1203 cujus
837 1120 1115 1186 victoria
1733 1122 1982 1197 artant,
2027 1122 2099 1179 ut
2144 1115 2227 1179 de
2271 1112 2694 1178 sacramentis

372 1222 741 1305 congaudet
787 1224 935 1289 eoeli
983 1223 1182 1288 curia.
1821 1218 2244 1283 convincatur
2287 1213 2461 1279 fidei.

1735 1381 1872 1447 Sed
1919 1382 2271 1466 triumphat
2312 1382 2377 1445 in
2425 1397 2639 1463 agone

1734 1487 1921 1552 firma
1965 1495 2152 1551 utens
2197 1488 2450 1551 ratione
2926 1487 3011 1550 3⁰

1818 1592 2012 1675 virgo
2057 1591 2604 1670 constantissima,

1739 1703 2034 1760 oratores
2081 1696 2235 1761 victi
2278 1693 2515 1759 cedunt

1738 1806 1805 1862 et
1847 1799 1910 1861 in
1951 1819 2145 1863 unum
2189 1797 2380 1862 deum
2425 1794 2737 1878 credunt,

1824 1902 1991 1965 salvi
2036 1909 2184 1985 post
2229 1899 2544 1966 incendia.

372 1438 535 1506 Haec
578 1446 680 1505 est
725 1441 944 1522 virgo,
992 1459 1137 1522 quae
1169 1438 1410 1504 dilecto
1586 1440 1626 1500 5

458 1559 697 1605 novum
744 1550 965 1606 cantat
1009 1543 1359 1623 canticum,

374 1645 525 1727 quia
568 1664 728 1709 vere
773 1653 841 1709 et
884 1647 1137 1709 sincere

461 1746 570 1811 dei
613 1747 774 1811 vidit
818 1746 1033 1812 filium.

373 1961 537 2027 Haec
579 1963 644 2025 in
688 1962 925 2027 mundo
971 1964 1123 2046 vicit
1168 1964 1470 2029 mundum

462 2073 531 2128 et
574 2067 788 2130 carnis
834 2067 1200 2151 lasciviam,
1548 2071 1630 2132 10
1735 2063 1822 2130 Et
1871 2064 2023 2148 quid
2066 2065 2306 2148 plura?
2352 2065 2717 2131 decollatur
2922 2070 3006 2132 35

377 2188 568 2250 quam
617 2168 867 2235 dicarat
916 2171 1232 2235 salvatori
1736 2170 1928 2251 virgo
1975 2179 2231 2249 sancta,
2278 2170 2771 2251 quod-testatur

462 2293 735 2337 servans
779 2273 1168 2357 pudicitiam.
1821 2270 1925 2353 lac
1969 2269 2244 2334 fundens
2289 2287 2412 2353 pro
2462 2272 2817 2355 sanguine3

1284 2396 1292 2403 ·
1738 2370 1928 2455 cujus
1973 2388 2211 2455 corpus
2259 2372 2558 2455 angelico

374 2487 460 2553 Et
503 2495 718 2550 tamen
764 2487 827 2549 in
876 2473 1195 2567 virgidem
1736 2474 2048 2558 sepelitur
2093 2477 2405 2557 obsequio

377 2597 646 2654 exercet
691 2587 1097 2671 tyrannidem
1821 2577 1887 2639 in
1933 2574 2117 2640 Sinai
2157 2578 2424 2642 vertice.
2919 2583 3006 2646 40

463 2692 742 2757 crudelis
788 2692 1186 2775 Maxentius,
1549 2695 1629 2757 15

1735 2738 1832 2804 De
1879 2741 2182 2822 sepulcro
2230 2742 2430 2806 stillat
2475 2742 2687 2825 liquor

1824 2846 2224 2910 incessanter
2269 2847 2426 2929 olei,

1738 2965 1865 3028 quo
1912 2956 2220 3012 sanantur
2266 2947 2537 3014 delibuti

1824 3049 2301 3132 qualescunque
2346 3049 2654 3132 languidi.

378 2815 522 2859 nam
569 2795 826 2857 mittens
871 2795 937 2857 in
984 2813 1318 2860 carcerem

380 2899 487 2964 dei
531 2899 716 2981 punit
759 2907 1112 2982 martyrem

463 3001 872 3065 innocentem
916 3002 1166 3066 noxius,

377 3207 513 3274 Sed
561 3229 682 3275 nec
725 3230 926 3294 prece
980 3230 1190 3293 neque
1236 3211 1421 3275 minis
1733 3210 1933 3296 Ergo·
1961 3215 2151 3297 virgo
2196 3215 2585 3298 praeelecta,
2918 3219 3005 3280 45

379 3312 551 3377 flecti
597 3322 815 3396 potest
860 3336 900 3378 a
945 3314 1179 3377 divinis
1544 3315 1628 3378 20
1739 3335 1885 3397 quae
1932 3323 1997 3378 et
2033 3326 2281 3398 martyr
2326 3335 2398 3379 es
2443 3316 2676 3380 effecta

461 3416 775 3482 Katerina
820 3418 1118 3483 laudibus
1144 3467 1160 3499 ‚
1828 3418 1983 3501 agni
2029 3418 2166 3481 sine
2212 3417 2496 3498 macula,

378 3539 524 3601 quae
570 3519 719 3583 dum
764 3518 1084 3583 Christum
1135 3518 1498 3602 confitetur,
1737 3537 1856 3583 ora
1902 3518 2119 3600 deum,
2164 3527 2235 3583 ut
2280 3520 2606 3584 salvemur

377 3622 702 3702 refragari
745 3638 873 3686 non
920 3629 1182 3685 veretur
1736 3641 1777 3685 a
1822 3621 2074 3686 delictis
2120 3631 2187 3686 et
2230 3622 2609 3687 mundemur

466 3722 785 3787 idolorum
832 3725 1124 3788 cultibus
1237 3742 1242 3746 ’
1821 3744 1966 3789 cum
2012 3726 2255 3789 sanctis
2301 3727 2366 3788 in
2413 3726 2644 3808 gloria.
2912 3727 3002 3789 50

462 3936 470 3945 ·
555 3906 650 3961 Hs.
690 3924 760 3962 zu
791 3907 1098 3976 Miinchen,
1144 3910 1279 3965 Clm.
1321 3912 1511 3965 17140.
1548 3907 1594 3965 f..
1625 3912 1709 3964 55.
1745 3925 1845 3965 aus
1882 3910 2005 3964 dem
2045 3911 2111 3961 12
2147 3906 2344 3963 Jahrb.
2380 3907 2439 3962 in
2475 3909 2634 3962 einer
2667 3909 2859 3964 Messe
2897 3908 3013 3966 aus

380 3995 467 4051 die
502 3995 724 4069 Heilige
779 4000 910 4069 (Α).
982 3997 1117 4052 Fast
1153 3997 1252 4051 das
1290 4014 1469 4070 ganzo
1508 3996 1769 4080 officium
1804 3998 1880 4052 ist
1914 3998 1972 4051 in
2008 3996 2389 4051 Reimversen.
2462 3996 2557 4052 Hs.
2592 4012 2663 4049 zu
2699 3994 3005 4068 stuttgart

378 4085 523 4141 Bibl.
559 4087 647 4139 20.
686 4084 726 4140 f.
764 4087 835 4140 80
870 4086 972 4139 mit
1007 4084 1108 4139 der
1142 4085 1413 4156 melodie,
1452 4088 1521 4141 13
1568 4085 1764 4141 Jahn-h.
1804 4086 1932 4153 (Β).

559 4211 588 4261 1
627 4208 789 4265 cath.
829 4207 908 4276 A,
946 4207 1307 4279 Schreibung
1345 4205 1443 4262 des
1478 4207 1864 4262 Rubricatum.
1936 4203 2112 4261 5-8
2148 4188 2445 4260 fehlen‘B.
2519 4205 2586 4259 13
2625 4206 2729 4260 sed
2764 4206 2844 4276 B,
2879 4207 3005 4262 vir-

379 4295 511 4366 gine
551 4297 610 4349 Β.
684 4297 751 4348 16
788 4312 952 4367 quam
989 4296 1050 4349 B.
1111 4297 1177 4349 19
1215 4309 1340 4365 quae
1378 4310 1481 4350 nec
1520 4296 1580 4349 Β.
1638 4295 1710 4348 20
1745 4293 1930 4364 potuit
1966 4293 2027 4347 B.
2079 4295 2150 4347 23
2187 4290 2467 4347 refrenari
2502 4293 2563 4346 Β.
2607 4292 2680 4346 26
2708 4295 2905 4350 cuneis
2934 4295 3003 4349 B.

376 4385 448 4436 29
476 4385 601 4455 jam
637 4388 705 4437 tr.
745 4384 816 4452 B,
888 4389 946 4438 et
983 4381 1020 4437 f.
1056 4383 1154 4437 sed
1189 4385 1255 4436 A.
1346 4385 1418 4436 35
1471 4388 1534 4437 ut
1587 4400 1639 4454 q.
1693 4383 1754 4437 Β.
1863 4383 1934 4436 36
1988 4397 2131 4452 pura
2184 4382 2246 4436 Β.
2351 4383 2424 4438 38
2477 4380 2818 4452 angelorum
2871 4380 2998 4436 ΑΒ.

377 4470 449 4522 45
486 4470 607 4522 haec
644 4475 732 4524 est
768 4485 822 4523 v.
864 4470 925 4523 Β.
996 4471 1067 4523 46
1106 4473 1196 4525 est
1233 4469 1296 4524 Β.
1373 4469 1444 4523 48
1480 4469 1802 4524 mundemur
1839 4471 1900 4524 Β.
1971 4471 2041 4523 49
2077 4468 2364 4523 salvemur
2400 4467 2461 4522 Β.
2564 4461 2581 4478 ”
