3175 5234
2663 319 2792 382 149

188 502 472 581 Quorum
518 510 745 568 sancta
788 503 1099 586 passione
1117 550 1136 587 ,
1547 520 1624 568 os
1670 501 2063 584 confessum,
2110 520 2228 568 cor
2268 521 2400 569 non
2443 504 2713 589 lentum,

183 609 334 674 fusa
378 608 840 691 deprecatione
856 655 876 690 ,
1543 606 1733 690 panis
1777 607 1913 671 vivi
1957 616 2459 691 sacramentum,

270 729 407 776 vox
448 709 708 775 auditur
753 710 1035 775 coelitus:
1632 719 1785 795 post
1826 710 1973 775 haec
2017 710 2190 776 dabo
2233 707 2567 794 gloriam.“

190 816 474 901 „omnis,
522 815 631 896 qui
677 813 1028 880 devotione
1356 811 1441 876 40

185 925 416 983 vestro
460 915 706 1000 gaudet
749 933 872 1000 pro
918 931 1160 997 agone,
1542 914 1683 981 Hos
1728 915 1972 980 tirones
2016 935 2404 980 veneremur
2442 930 2455 941 ·

276 1020 426 1086 dum
469 1036 599 1084 non
643 1018 728 1082 sit
770 1017 1180 1102 proselytus,
1542 1026 1995 1101 martyresque
2041 1017 2496 1104 deprecemur,
2707 1019 2791 1083 50

1632 1128 1703 1185 ut
1746 1120 1975 1186 horum
2017 1119 2327 1186 memoria

184 1227 291 1295 Illi
336 1227 575 1293 nullum
622 1235 1091 1308 nocumentum,
1542 1221 1751 1288 Jhesu
1796 1220 2056 1287 Christo
2103 1221 2487 1308 adjuvemur

186 1331 438 1411 vinum,
490 1330 735 1411 oleum,
780 1330 1195 1410 frumentum,
1543 1331 1613 1389 et
1655 1344 1799 1391 cum
1844 1327 2085 1391 sanctis
2128 1345 2513 1393 coronemur

276 1443 345 1499 et
388 1433 598 1499 hostis
641 1433 1013 1514 victoriam,
1357 1429 1443 1492 45
1636 1428 1701 1491 in
1748 1427 1999 1493 coelesti
2043 1427 2271 1510 gloria.

367 1632 463 1688 Hs.
500 1650 571 1690 zu
603 1631 929 1688 Darmstadt
964 1631 1068 1688 No.
1104 1632 1226 1686 545.
1259 1630 1361 1687 mit
1395 1629 1497 1686 der
1532 1630 1794 1701 Helodie,
1832 1634 1903 1686 14
1934 1632 2133 1688 Jahrb.

370 1774 406 1828 8
440 1777 499 1828 et
533 1771 673 1830 Men.
708 1772 805 1827 Hs.
876 1773 910 1826 9
946 1778 1006 1827 et
1039 1771 1122 1829 El.
1161 1773 1256 1828 Hs.
1329 1774 1396 1827 41
1433 1770 1701 1844 gandent,
1734 1770 1833 1825 Hs.
1900 1773 1970 1826 45
2008 1774 2084 1839 at,
2119 1770 2214 1826 Hs.

369 1910 437 1964 V.
479 1913 563 1966 13.
601 1913 684 1965 14.
738 1909 898 1979 fides,
936 1925 1085 1981 spes,
1122 1911 1349 1967 caritas.
1404 1910 1464 1966 S.
1502 1911 1611 1966 No.
1653 1912 1773 1978 159,
1812 1913 1896 1963 17.
1956 1909 2060 1965 No.
2099 1910 2222 1979 682,
2257 1912 2346 1963 57.

367 1999 436 2053 V.
470 2002 558 2054 31.
607 2005 790 2055 morte
825 1998 1074 2055 christo.
1144 1999 1303 2056 Satis
1339 1997 1552 2067 elucet,
1615 1998 1893 2070 mysterio
1939 1997 2232 2052 dominica
2279 1998 2478 2053 mortis
2516 2003 2575 2053 et
2609 2013 2796 2054 resur-

188 2085 464 2142 rectionis
498 2083 803 2158 figuratum
837 2085 975 2141 vitae
1009 2090 1223 2142 nostrae
1259 2086 1470 2141 veteris
1507 2100 1769 2141 occasum
1804 2091 1863 2140 et
1898 2089 2154 2139 exortum
2189 2100 2381 2152 novae,
2445 2084 2797 2141 demonstra-

189 2178 417 2243 tamque
464 2172 778 2244 iniquitatis
827 2172 1192 2229 abolitionem
1240 2173 1774 2243 renovationemque
1813 2170 2075 2244 justitioe.
2137 2173 2400 2242 Auyustin.
2447 2171 2516 2226 de
2564 2171 2701 2242 spir.
2738 2176 2798 2227 et

194 2258 279 2314 lit.
321 2261 404 2313 10.

667 2613 835 2687 739.
908 2611 1299 2711 Sequentia
1352 2612 1441 2687 de
1490 2612 1916 2715 martyribus
1970 2612 2322 2687 Thebaeis.

191 2882 551 2949 Redeundo
596 2903 719 2967 per
762 2905 996 2968 gyrum
1548 2884 1621 2950 In
1669 2886 1794 2951 bac
1835 2905 1909 2950 se
1954 2885 2296 2951 Mauritius

197 2988 422 3053 circini
467 2988 718 3053 annalis
1549 3007 1837 3052 maurum
1884 2987 2227 3070 diffitetur,

197 3089 628 3156 Thebaeorum
674 3099 1030 3175 martyrum
1547 3091 1615 3155 in
1661 3091 1787 3156 hac
1830 3092 2019 3174 niger
2055 3089 2383 3157 Candidus

194 3193 448 3259 refulsit
490 3195 741 3260 natalis.
1551 3193 1866 3260 candidus
1909 3195 2203 3258 habetur.
2712 3197 2797 3262 20

196 3380 443 3459 Quibus
483 3380 746 3447 modum
787 3383 1079 3448 nimirum
1403 3387 1444 3449 5
1548 3381 1678 3450 Ubi
1720 3381 2121 3467 Exsuperius

193 3484 664 3565 aequinoctialis
1549 3506 1893 3569 numquam
1939 3493 2313 3571 superetur,

191 3586 336 3651 dies
379 3587 503 3652 iste
548 3587 758 3654 factus
803 3598 907 3654 est
1552 3599 1621 3655 et
1672 3591 1881 3655 victus
1928 3591 2280 3657 victoribus

196 3690 338 3756 dies
386 3694 734 3759 aeternalis.
1550 3691 1782 3758 Victor
1826 3694 2128 3760 societur.

192 3875 350 3941 Dies
397 3878 536 3941 sine
580 3898 865 3964 vespera
1550 3880 1679 3947 Ubi
1722 3883 2090 3947 innocentia
2717 3889 2801 3951 25

193 3986 389 4044 nocte
433 3999 562 4045 non
605 3983 930 4066 sepultuS,
1363 3987 1443 4050 10
1552 3986 1751 4049 vitam
1799 3983 1912 4049 dat
1945 3983 2178 4068 vitali,

194 4101 390 4164 quem
432 4100 564 4148 non
607 4085 708 4149 sol
751 4104 874 4168 per
916 4089 1074 4150 aera
1551 4089 1756 4152 beans
1801 4084 2241 4152 Innocentium

193 4184 315 4249 sed
361 4184 562 4249 divini
605 4188 821 4253 vultus
1552 4190 1823 4273 praemio
1866 4189 2078 4271 vitali,

191 4371 488 4439 Illustrat
531 4375 881 4459 serenitas,
1554 4377 1696 4456 Quo
1742 4385 1969 4444 neuter
2004 4376 2147 4461 jam
2190 4376 2459 4442 moritur

194 4477 311 4540 tali
356 4484 529 4543 statu
574 4479 800 4563 fultus,
1553 4490 1730 4547 tutus
1777 4502 1819 4546 a
1863 4481 2079 4563 vitali,
2720 4481 2804 4545 30

190 4598 323 4663 quo
369 4599 561 4646 senes
605 4591 754 4647 sunt
780 4582 1095 4667 juvenes,
1367 4588 1446 4650 15
1553 4595 1827 4669 uterque
1873 4589 1992 4652 sub
2038 4587 2159 4653 alis
2203 4605 2278 4652 se

190 4702 385 4749 nemo
429 4685 514 4750 sit
559 4685 832 4752 adultus,
1556 4693 1667 4758 dei
1709 4693 1893 4758 novit
1937 4692 2044 4758 ali.
