3175 5234
378 223 511 291 ιω
2627 273 2636 280 .
3143 36 3148 331 Ι

378 411 560 479 Inter
600 410 879 494 quinque
924 410 1255 497 sapientes
1735 426 1988 491 preses
2023 415 2097 473 ut
2140 409 2310 474 hano
2349 409 2698 492 imperavit
3149 354 3150 375 Χ

382 514 638 599 puellas
680 513 853 579 hanc
894 522 1290 598 reponentes
1543 513 1629 591 20
1735 512 1904 578 caedi
1946 513 2191 595 virgis,
2237 530 2367 577 non
2405 514 2676 596 expavit
2923 515 3008 577 35

466 636 855 680 veneremur
900 616 1227 681 laudibus:
1823 614 2149 682 Christum
2197 634 2392 681 orans
2444 615 2691 681 sedula.

384 718 578 803 hujus
621 719 835 784 lumen
881 720 1170 783 caritatis

382 843 470 890 ex
490 918 493 921 Ι
511 823 765 907 liquore
811 824 1150 889 suavitatis

468 926 755 992 ardescit
797 925 1220 1011 lampadibus.

1736 776 1957 842 Fortis
2002 778 2148 842 haec
2193 778 2256 841 in
2303 778 2608 862 passione
3139 720 3153 907 Ι

1733 898 2019 964 pugnam
2065 879 2270 961 gessit
2316 898 2460 943 cum
2504 877 2834 961 dracone,

1822 999 2012 1063 quem
2059 978 2249 1044 scidit
2291 998 2413 1063 per
2458 978 2774 1061 medium3

380 1087 543 1156 Haec
586 1089 651 1152 in
698 1089 881 1153 annis
915 1089 1279 1173 juventutis
1544 1089 1629 1152 25
1734 1092 1907 1167 post>
1928 1083 2076 1147 haec
2121 1083 2379 1147 demum
2423 1083 2714 1148 cruciata
2921 1084 3004 1148 40

380 1191 701 1256 excultrix
746 1191 874 1254 viae
919 1192 1144 1255 salutis
1741 1194 1842 1249 est
1886 1186 2130 1251 ardore
2176 1190 2588 1251 concremata

463 1313 637 1358 vana
681 1295 930 1376 sprevit
976 1292 1186 1375 idola,
1821 1289 2194 1389 lampad-um
2230 1287 2614 1353 ardentium.

377 1412 524 1461 cum
567 1395 863 1477 praefecti
907 1395 1382 1478 votaspernit,

380 1514 535 1563 mox
578 1495 814 1560 adesse
860 1514 1089 1579 poenas
1135 1498 1344 1561 cernit

464 1598 611 1664 haec
657 1597 863 1664 dulcis
909 1597 1301 1663 christicola.
1448 1652 1453 1658 .
1542 1598 1626 1662 30

1732 1449 1942 1532 Virgo
1986 1452 2185 1515 vitam
2233 1434 2453 1515 ferens
2497 1450 2808 1515 mundam
2845 1462 2856 1471 ·

1733 1572 1992 1638 poenam
2036 1555 2213 1618 vasis
2257 1555 2509 1636 perfert
2551 1553 2837 1636 undam,

1818 1657 2055 1725 collum
2101 1657 2367 1722 tradens
2404 1658 2660 1741 jugulo.
2915 1659 2997 1721 45

379 1759 704 1827 Constans
751 1759 880 1825 fide
927 1767 1332 1843 carceratur,
1735 1778 1899 1843 ergo
1944 1760 2173 1825 laudes
2228 1761 2675 1844 hymnizemus

383 1882 509 1930 nec
552 1885 592 1930 a
637 1863 897 1928 Christo
935 1873 1283 1947 separatur
1736 1862 2035 1946 Christe,
2083 1883 2206 1946 per
2251 1884 2439 1946 quem
2486 1881 2604 1928 nos
2651 1863 2958 1929 videmus

461 1969 706 2034 tenella
749 1969 1160 2051 virguncula,
1822 1966 1971 2031 haec
2015 1968 2205 2050 signa
2249 1969 2315 2031 in
2356 1969 2618 2052 populo.

548 2151 645 2208 Hs.
682 2168 752 2206 zu
786 2151 1067 2221 Freiburg
1102 2148 1209 2204 No.
1246 2149 1334 2202 66.
1385 2147 1485 2202 dee
1524 2148 1593 2200 15
1629 2146 1827 2202 Jahrh.
1877 2148 2009 2216 (A).
2084 2146 2416 2205 Sacrificale
2453 2149 2846 2206 itinerantium
2881 2166 2993 2206 von

373 2240 532 2295 1521.
566 2236 669 2294 fol.
706 2241 776 2294 52
813 2240 943 2307 (Β),
980 2237 1068 2292 als
1102 2235 1427 2307 Sequentia.

551 2360 845 2432 3gaudia
890 2360 961 2414 A.
1062 2360 1098 2410 7
1133 2357 1348 2429 psallat
1384 2357 1595 2411 chorus
1631 2354 1697 2409 Β.
1797 2355 1831 2409 8
1868 2355 1993 2410 haec
2031 2356 2183 2412 steht
2218 2356 2363 2411 nach
2399 2357 2589 2428 polor.
2622 2358 2704 2424 A,
2771 2357 2849 2411 ad
2884 2370 2996 2411 vor

372 2448 490 2523 pal.
525 2449 592 2504 A.
686 2449 756 2501 10
790 2445 1024 2518 plaudat
1059 2444 1121 2498 B.
1211 2446 1277 2498 11
1316 2443 1442 2498 veri
1477 2441 1675 2513 spousi
1703 2441 1828 2514 jam
1867 2443 1926 2497 Β.
1999 2444 2066 2497 15
2104 2443 2294 2515 deum,
2331 2444 2425 2499 Hs.
2493 2447 2564 2499 22
2601 2444 2893 2499 claritatis
2931 2443 2995 2499 Β.

373 2537 446 2592 2⁶
482 2539 573 2590 est
607 2533 739 2589 cult.
774 2533 838 2588 Β.
908 2533 983 2586 30
1019 2529 1109 2585 hic
1145 2531 1208 2586 Β.
1279 2531 1352 2585 44
1387 2527 1630 2601 profert,
1669 2528 1783 2598 Hs„
1821 2525 1938 2584 fert
1971 2545 2076 2600 per
2112 2530 2173 2584 B.
2736 2562 2751 2575 .

1182 2813 1401 2889 1046.
1477 2814 1596 2886 De
1644 2840 1699 2887 s.
1750 2775 2186 2912 Margareta,

376 3022 586 3106 virgo
633 3019 740 3086 dei
783 3019 1166 3104 Margareta
1732 3036 1922 3101 quam
1967 3024 2038 3081 ut
2082 3017 2408 3081 transiens
2454 3017 2820 3102 praefectus

383 3126 512 3193 hac
554 3127 621 3190 in
665 3124 769 3189 die
810 3121 962 3190 'coeli
1008 3125 1159 3188 laeta
1730 3121 1921 3205 vidit,
1968 3131 2143 3188 amat
2186 3130 2253 3186 et
2296 3122 2554 3188 illectus

463 3228 718 3297 scandit
762 3228 847 3294 ad
891 3228 1165 3313 palatia,
1818 3228 1997 3312 cupit
2041 3246 2350 3313 sponsam
2399 3226 2660 3293 ducere.

376 3355 464 3401 ex
506 3335 635 3400 hoc
677 3334 915 3399 mundo
962 3352 1150 3415 quam
1199 3330 1461 3397 vocavit

379 3445 447 3504 et
488 3438 556 3502 in
601 3438 770 3502 coelo
817 3436 1164 3501 collocavit
1585 3434 1625 3494 5
1731 3390 1934 3476 cujus
1971 3393 2164 3476 jussu
2209 3393 2686 3477 fflmPrehflssssa

1622 3537 1634 3547 -
1729 3514 1853 3561 nec
1896 3515 2017 3580 per
2060 3497 2265 3560 minas
2309 3514 2435 3560 nec
2476 3496 2772 3559 inmensa
2911 3498 2999 3563 20

463 3539 577 3622 pia
613 3536 854 3602 Christi
899 3539 1131 3620 gratia.
2174 3600 2187 3615 ,
2509 3601 2522 3613 ,

1197 3639 1204 3646 ·
1817 3619 1939 3683 per
1981 3616 2303 3682 promissa
2346 3597 2668 3678 flectltur,

374 3697 541 3765 Haec
582 3700 819 3763 virtute
857 3699 964 3763 dei
1007 3699 1202 3782 plena
1732 3721 1804 3765 se
1850 3701 2088 3765 fatetur
2134 3701 2583 3783 christianam,

377 3802 499 3866 fuit
542 3822 625 3865 ex
669 3798 1082 3865 Antiochena
1735 3804 1893 3869 deos
1941 3804 2224 3887 spernit,
2271 3803 2465 3868 fidem
2514 3823 2738 3868 sanam

469 3903 734 3968 civitate
780 3903 1034 3987 genita,
1495 3944 1499 3951 ·
1602 3981 1609 3988 ⁶
1822 3905 2064 3971 Christi
2108 3906 2259 3972 dum
2305 3907 2731 3990 amplectitur.

378 4010 592 4078 carnis
635 4028 758 4093 per
802 4008 1230 4072 nobilitatem.
1545 4005 1626 4069 10

1730 4072 1920 4139 Hanc
1964 4074 2198 4153 iratus,
2244 4072 2392 4155 plus
2431 4091 2623 4154 quam
2651 4072 2841 4137 credi
2907 4075 2994 4138 25

1730 4175 1968 4258 possit,
2013 4192 2265 4257 praeses
2305 4174 2497 4258 jubet
2541 4173 2744 4257 caedi,

1817 4276 1936 4341 sed
1982 4278 2046 4340 in
2092 4297 2329 4342 vanum
2374 4277 2674 4361 caeditur,

379 4378 519 4445 Sed
562 4383 794 4446 nutrici
840 4380 1288 4448 commendata
1731 4399 1882 4444 nam
1925 4380 2081 4445 licet
2122 4381 2567 4447 incarceratur

381 4482 571 4564 virgo
615 4502 743 4547 non
791 4493 891 4548 est
936 4484 1315 4568 dedignata*
1732 4483 2120 4566 ungulisque
2167 4485 2536 4564 laceratur,

470 4584 615 4667 ejus
660 4602 820 4651 oves
863 4606 1173 4670 pascere,
1546 4585 1627 4647 15
1820 4602 1951 4649 non
1996 4593 2211 4649 tamen
2258 4586 2637 4653 devincitur.
2914 4593 2998 4657 30

379 4112 671 4195 fulgens,
718 4117 906 4175 extra
951 4110 1277 4175 civitatem

466 4216 551 4282 ad
599 4214 897 4280 alendum
947 4213 1199 4278 tradita.
