3175 5234
241 456 478 521 iterum
519 458 690 522 inter
733 461 898 536 ictus
1349 468 1354 472 ’
1600 461 1928 546 Promptae
1972 463 2089 528 tibi
2132 464 2451 531 clientelae

241 559 509 625 fustium
552 563 763 628 emisit
808 567 1119 649 spiritum.
1280 567 1364 631 40
1602 567 1886 632 clemens
1932 569 2346 635 reminiscere
2364 618 2384 654 ‚

100 723 166 787 8.
236 721 484 789 Christi
526 727 708 792 miles
751 729 1129 813 fortissime,
1469 728 1530 791 9.
1598 726 1857 811 Martyr
1900 727 2076 793 clare
2123 726 2526 794 Sebastiano.
2627 730 2715 792 45

242 828 528 911 palmam
571 839 840 912 gestans
884 832 1153 915 gloriae,
1216 880 1226 889 .

287 1018 386 1074 Hs.
424 1036 540 1075 von
570 1021 629 1077 S.
659 1021 831 1076 Peter
865 1038 937 1076 zu
973 1020 1259 1092 salzburg
1299 1019 1389 1090 lX,
1431 1023 1514 1075 11.
1552 1020 1652 1077 des
1692 1024 1759 1076 12
1793 1021 1996 1078 Jahrb.

291 1161 364 1211 17
397 1149 457 1214 et
491 1158 561 1232 id.
600 1162 760 1215 ware
798 1158 892 1214 fiir
919 1159 1019 1214 das
1046 1158 1345 1214 Versmass
1372 1159 1585 1216 hester.
1655 1161 1727 1215 20
1760 1160 1818 1214 in
1855 1177 2012 1231 quas,
2047 1161 2144 1215 Hs.
2211 1162 2279 1215 21
2319 1158 2582 1227 athletas,
2610 1156 2713 1213 Hs,

98 1246 181 1300 28
217 1244 495 1316 quam-pl.
533 1246 630 1301 Hs.
692 1248 760 1300 31
797 1244 1173 1317 imperatoris,
1211 1245 1307 1300 Hs.
1379 1247 1446 1300 41
1485 1246 1728 1316 Christe,
1766 1247 1862 1302 Hs.

866 1599 1085 1674 1151.
1157 1601 1487 1700 Hymnus
1534 1626 1590 1671 s.
1639 1597 1940 1673 Seu-vuli.

99 1841 326 1906 Primo
369 1840 610 1907 dierum
653 1845 928 1909 omnium
943 1889 960 1922 ‚
1459 1836 1564 1903 Ex
1608 1838 1963 1920 improviso
2005 1833 2273 1899 coluber
2620 1828 2709 1891 25

101 1960 242 2026 quo
285 1960 516 2009 servus
562 1942 800 2008 Christi
844 1944 1097 2024 floruit,
1333 2001 1337 2006 .
1462 1940 1527 2003 in
1571 1959 1867 2023 campum
1910 1938 2045 2003 exit
2079 1935 2421 2015 maximus,

102 2046 385 2109 servivit
427 2044 534 2110 hic
579 2053 644 2109 et
686 2045 929 2128 profuit
947 2092 964 2125 ‚
1460 2051 1685 2108 erecta
1729 2060 1923 2107 cruce
1966 2039 2223 2124 perimit

103 2148 386 2212 est-hoc
431 2147 555 2211 deo
600 2148 1050 2230 gratissimum.
1458 2146 1706 2211 athleta
1752 2142 1994 2208 Christi
2039 2141 2416 2205 daemonem.

101 2335 393 2403 Pulcher
430 2354 572 2418 prae
616 2334 863 2399 cunctis
910 2330 1264 2412 Servulus,
1316 2331 1355 2393 5
1458 2330 1675 2397 Elisus
1721 2351 1762 2395 a
1807 2327 2127 2394 daemonio

100 2446 325 2505 mente
368 2440 516 2523 plus
558 2437 830 2521 placens
875 2435 1166 2514 dominu,
1457 2436 1773 2499 instanter
1816 2433 1983 2518 petit
2025 2428 2371 2495 Servulum
2394 2475 2412 2510 ‚
2618 2424 2707 2489 30

102 2544 376 2608 sortitur
418 2551 670 2626 partem
713 2542 1020 2623 optimam
1144 2572 1154 2582 ·
1341 2532 1350 2539 ’
1459 2538 1722 2621 adjurat
1765 2546 1830 2602 et
1874 2535 2155 2601 restituit

103 2650 283 2714 inter
322 2655 633 2731 patronos
678 2645 1010 2708 maximos.
1459 2643 1807 2727 baptizatis
1851 2636 2173 2704 affinibus.

101 2835 401 2901 Vocatus
444 2833 552 2899 hie
594 2852 636 2896 a
679 2831 939 2896 domino
1458 2831 1582 2897 Hic
1625 2831 1690 2894 in
1736 2829 1963 2895 dolore
1998 2827 2248 2911 gratias

104 2937 478 3023 respondit:
529 2935 794 3020 „adsum
838 2926 1223 3013 Servulus“,
1273 2932 1351 2994 10
1460 2952 1718 3017 semper
1764 2931 2039 2996 canebat
2084 2927 2341 2991 domino
2363 2972 2381 3007 ,

105 3041 202 3108 ad
242 3047 546 3124 parentes
588 3036 938 3101 revertitur
1459 3034 1816 3100 ferventius
1860 3029 2257 3112 compatiens
2614 3023 2703 3086 35

109 3145 257 3209 solo
292 3144 481 3226 jussu
527 3140 862 3204 dominico.
968 3207 982 3220 ,
1459 3143 1719 3202 vexatae
1764 3149 1944 3196 saevo
1988 3129 2238 3212 spiritu.

106 3335 346 3405 Annos
388 3333 638 3398 habens
685 3329 1024 3394 duodecim
1458 3324 1806 3408 Fulgentia
1849 3337 1973 3405 pro
2016 3319 2207 3382 unica

108 3441 330 3507 divina
374 3454 537 3500 voce
580 3434 853 3518 petitur,
1458 3448 1667 3515 prona
1710 3432 2016 3511 precatur
2059 3428 2410 3503 martyrem
2432 3464 2452 3500 ,

108 3543 342 3609 almam
386 3539 650 3603 sortitur
693 3537 968 3619 gratiam
1271 3533 1351 3594 15
1457 3533 1566 3616 qui
1610 3547 1867 3595 socrum
1908 3524 2086 3589 Petri
2131 3521 2417 3586 nominat

107 3651 337 3710 sancto
381 3642 718 3707 calescens
760 3637 1035 3703 flamine.
1426 3633 1926 3710 ‚febricitantem
1966 3628 2268 3691 liberans.
2614 3623 2701 3688 40

109 3834 307 3917 Anno
354 3848 480 3897 uno
526 3837 594 3893 et
636 3827 961 3893 mensibus
1455 3824 1553 3889 De
1597 3821 1875 3904 Didymo
1922 3816 2077 3900 quid
2122 3813 2455 3880 referam?

109 3955 345 4003 novem
389 3930 789 3997 orationibus
1455 3925 1902 4012 praecipitatur
1948 3923 2031 3985 ab
2078 3920 2211 3984 alto
2225 3966 2244 4000 ‚

110 4037 383 4106 intendit
426 4036 578 4100 totis
622 4032 869 4096 viribus
1452 4030 1709 4095 intimus
1755 4024 1997 4091 Christi
2039 4021 2355 4087 Servulus

109 4143 266 4208 nihil
309 4141 508 4206 edens
553 4140 619 4203 in
665 4135 933 4221 spelaeo·
1263 4130 1350 4195 20
1455 4138 1778 4198 restaurat
1831 4129 2002 4192 hunc
2044 4124 2440 4190 semivivum.

113 4329 363 4396 Clamat
406 4328 488 4392 de
532 4327 699 4391 eoelo
743 4323 1069 4390 dominus:
1456 4320 1669 4387 Gaecis
1711 4318 1924 4384 multis
1970 4314 2248 4380 restituit
2613 4307 2701 4371 45

118 4433 293 4516 „eja‚
339 4429 543 4495 dulcis
587 4445 627 4492 o
672 4425 986 4507 Servule,
1454 4427 1665 4490 visum
1708 4422 1937 4487 mentis
1982 4428 2049 4482 et
2093 4414 2421 4498 corporis,

115 4535 329 4601 audita
372 4540 472 4597 est
516 4531 725 4596 oratio
748 4577 768 4613 ,
1453 4549 1603 4595 nam
1649 4527 1809 4591 deus
1858 4523 2031 4588 hunc
2075 4520 2392 4588 dilexerat

114 4646 294 4722 pete,
339 4637 509 4722 quod
553 4638 655 4701 vis
701 4644 769 4707 et
811 4629 1127 4702 dabitur.“
1456 4652 1600 4718 prae
1647 4629 1892 4697 cunctis
1936 4626 2107 4691 illius
2152 4621 2482 4706 temporis.

2150 4725 2293 4792 32*
