3175 5234
255 446 589 513 Discretus
633 454 847 512 antem
893 452 1188 531 tempore
1614 453 1884 522 Electus
1928 463 2033 520 est
2076 456 2381 525 divinitus
2395 508 2414 541 ,

256 549 400 613 orbi
444 547 705 611 refulsit
740 546 1081 631 splendide
1096 593 1114 629 ‚
1614 557 1830 621 factus
1875 557 2208 623 tetrarcha
2251 561 2566 625 maximus
2585 606 2603 642 ‚

254 649 508 733 puellas
552 669 594 713 a
635 650 1000 733 prostibulo
1424 653 1507 716 15
1613 666 1688 724 ut
1728 676 1862 723 vox
1908 659 2127 724 divina
2160 660 2455 743 jusserat

257 769 419 816 auro
460 759 797 818 retentans
840 754 1139 837 plurimo.
1616 769 1685 826 et
1727 769 1879 827 actu
1918 761 2404 846 designaverat.

253 943 470 1010 Patris
517 944 730 1009 ditans
773 947 1055 1031 inopiam
1282 972 1287 977 ·
1611 948 1755 1015 Deo
1798 952 1973 1033 patri
2019 959 2087 1017 et
2129 951 2267 1017 filio
2583 994 2588 999 -
2773 954 2860 1019 25

251 1046 508 1129 largam
552 1045 809 1112 diffudit
854 1048 1191 1113 dexteram
1204 1094 1226 1127 ,
1613 1070 1758 1117 cum
1802 1050 2062 1117 flamine
2106 1054 2426 1137 paraclito

253 1148 375 1213 sed
417 1147 673 1231 fugiens
718 1149 1026 1233 arripitur
1611 1155 1696 1219 sit
1738 1155 1910 1237 laus,
1955 1156 2195 1237 virtus,
2239 1157 2580 1241 imperium

252 1250 691 1336 Nicolansque
735 1253 1055 1338 proditur.
1419 1255 1505 1320 20
1612 1263 1680 1321 et
1722 1274 1894 1322 nunc
1937 1265 2006 1322 et
2046 1259 2113 1322 in
2158 1267 2560 1343 perpetuum.

427 1437 525 1494 Hs.
561 1453 677 1492 von
709 1438 771 1495 S.
806 1437 980 1494 Peter
1032 1454 1103 1493 zu
1137 1438 1451 1495 Karlsrube
1503 1438 1611 1494 No.
1646 1441 1733 1493 32.
1790 1440 1890 1494 des
1928 1442 1995 1493 15
2029 1440 2228 1497 Jahrb.
2300 1442 2495 1498 θίασοι
2550 1440 2692 1503 Lied
2744 1443 2858 1501 m

250 1527 341 1581 No
380 1527 521 1580 1⁰96
555 1526 813 1581 kommen
845 1526 906 1582 in
940 1526 1047 1582 den
1080 1526 1393 1583 Brevieren
1427 1528 1529 1584 der
1562 1527 1954 1584 Dominicaner
1990 1544 2115 1585 vor.

424 1649 463 1701 4
497 1648 854 1719 spectaculis,
891 1647 989 1703 Hs.
1057 1649 1094 1700 5
1126 1648 1249 1703 mir.
1285 1647 1427 1703 clar.
1460 1648 1557 1704 na.
1630 1650 1771 1703 5-8
1806 1649 2070 1703 scheinen
2099 1646 2428 1705 fehlerhaft.
2501 1651 2537 1703 6
2563 1664 2725 1720 quos,
2760 1649 2858 1707 Hs.

251 1733 288 1788 9
323 1749 468 1804 nam,
504 1733 601 1789 Hs.
658 1736 727 1789 10
760 1735 845 1789 sic
881 1731 1179 1805 effligebat
1202 1733 1402 1819 pithio,
1435 1734 1534 1790 Hs.
1586 1736 1656 1789 13
1692 1740 1781 1790 est
1816 1739 2004 1791 cretus
2040 1740 2154 1791 aut.
2188 1736 2287 1791 Hs.
2338 1737 2412 1795 2⁰
2445 1737 2723 1808 proditus,
2759 1736 2856 1792 Hs.

1117 2083 1333 2161 1099.
1402 2086 1524 2158 De
1570 2110 1627 2157 s.
1674 2082 1995 2157 Nicolao.

247 2317 400 2389 Ave
444 2319 625 2384 mirae
673 2320 1064 2404 sanctitatis,
1458 2356 1465 2364 ·
1603 2320 2016 2404 Tempestate
2062 2319 2510 2402 conquassatis

332 2422 391 2487 N
398 2423 602 2488 icolae
647 2424 973 2506 pontifex,
1677 2424 1946 2508 Jamque
1991 2422 2530 2503 naufragantibus

242 2527 578 2593 vasculum
622 2535 689 2591 te
732 2527 999 2610 pietatis
1599 2526 1839 2592 absens
1883 2544 2075 2608 opem
2121 2525 2485 2609 desperatis

333 2648 614 2695 summus
658 2629 813 2695 fecit
857 2630 1101 2716 opifex,
1684 2632 1945 2715 praebes
1988 2630 2499 2714 implorantibus,

242 2820 323 2891 ln
367 2821 700 2887 cunabulis
745 2822 1051 2905 erigebas
1452 2826 1492 2888 5
1595 2820 1914 2905 Populum
1968 2842 2009 2885 a
2052 2820 2239 2885 famis
2284 2838 2447 2886 nece
2760 2821 2845 2887 25

332 2933 401 2990 te
443 2926 550 2991 die
594 2926 928 3009 primaria,
1685 2925 1861 2988 eruis
1904 2923 2298 3004 famelicum,

244 3028 449 3094 semel
492 3034 737 3092 tantum
782 3028 887 3094 lac
931 3030 1219 3112 sugebas
1595 3025 1818 3090 datum
1861 3034 1928 3091 et
1971 3035 2299 3091 servatum
2343 3045 2542 3112 prece

334 3138 598 3214 quarta,
644 3138 833 3196 sexta
876 3132 1058 3197 feria.
1684 3135 1754 3193 tu
1797 3125 2088 3212 adauges
2133 3130 2425 3193 triticum.

242 3321 599 3388 Puerorum
642 3336 770 3385 non
813 3319 1074 3386 lasciva
1595 3316 1895 3399 Humili8‚
1935 3317 2184 3400 justus,
2228 3316 2548 3400 benignus

332 3424 570 3506 quaeris
612 3441 780 3506 puer
823 3420 1096 3504 gaudia,
1408 3418 1490 3483 10
1683 3440 1755 3485 es
1798 3423 1865 3485 in
1909 3422 2157 3488 cunctis
2202 3420 2486 3502 actibus,
2756 3421 2843 3485 30

243 3528 515 3592 verbum
559 3525 667 3590 dei
709 3524 1010 3589 rediviva
1595 3525 1767 3590 omni
1810 3543 2068 3607 quoque
2114 3524 2305 3590 laude
2352 3524 2586 3607 dignus

330 3630 574 3694 retines
618 3628 942 3692 memoria.
1679 3626 1911 3712 plenus
1957 3635 2026 3693 tu
2071 3628 2431 3693 virtutibus.

240 3818 411 3888 Auri
454 3835 703 3884 massas
748 3815 1035 3897 erogasti
1594 3813 1692 3880 Tu
1731 3835 1923 3898 quam
1966 3816 2188 3899 plures
2232 3817 2656 3901 praeservasti

327 3923 626 4009 patrique
670 3918 1062 4002 virginibus,
1722 3920 1903 3984 necis
1947 3939 1986 3983 a
2028 3920 2354 4003 pericuIO,

243 4048 404 4114 quos
451 4049 492 4094 a
534 4029 705 4093 fame
751 4021 1044 4088 liberasti
1405 4019 1487 4082 15
1594 4022 1845 4104 angelis
1887 4028 1954 4085 te
1998 4023 2321 4086 inclinasti
2400 4040 2404 4044 '
2752 4024 2836 4086 35

330 4133 671 4215 carnisque
718 4126 1102 4196 criminibus.
1679 4123 1903 4187 mortis
1946 4124 2013 4186 in
2056 4122 2349 4188 articulo.
2821 4114 2826 4117 ’

239 4323 492 4388 Nomen
533 4319 751 4405 prodit
794 4326 861 4383 et
900 4319 1243 4402 probatum
1590 4310 1753 4378 Dum
1798 4312 2140 4379 defunctus
2184 4313 2483 4399 sepeliris

326 4445 461 4493 vox
506 4423 732 4505 elapsa
774 4420 1027 4484 coelitus
1675 4415 1917 4479 tumulo
1937 4410 2328 4480 ‘marmoreo
2347 4463 2369 4497 ‚

238 4532 462 4613 sicque
506 4525 702 4608 digne
746 4520 1167 4605 praesulatum
1586 4517 1803 4584 multis
1848 4520 2022 4584 salus
2066 4519 2274 4583 modis
2314 4519 2496 4584 miris

325 4640 556 4699 nactus
600 4649 673 4693 es
718 4624 1039 4692 divinitus.
1396 4624 1482 4688 2o
1675 4639 1749 4687 es
1790 4631 2089 4687 manante
2135 4623 2299 4688 oleo.
2745 4622 2832 4687 49
