3175 5234
603 473 838 559 Sagax
875 472 997 539 fuit
1041 473 1105 538 in
1153 472 1388 537 divinis
1433 471 1778 555 mundique
1823 474 2141 555 negotiis,

605 586 861 662 castus,
907 576 1162 660 largus,
1208 583 1610 657 mansuetus,
1657 576 1945 659 sobrius,
1992 574 2407 659 humillimae,

608 681 832 765 sicque
877 679 1036 744 felix
1078 679 1146 743 in
1184 678 1438 743 felicem
1483 678 1664 743 venit
1712 676 2084 757 Baioariam
2104 728 2122 762 ,

609 866 967 935 Ordinante
1011 867 1077 932 in
1122 886 1252 950 qua
1297 864 1562 931 Christo
1609 874 1804 948 atque
1849 865 2187 934 Bonisacio

609 973 949 1039 clericales
992 988 1218 1036 omnes
1262 969 1510 1053 gradus
1555 970 1815 1053 accepit
1858 969 2301 1054 dignissimae,

607 1076 998 1161 praesulatus
1045 1073 1258 1139 donec
1300 1090 1613 1137 summam
1655 1071 2035 1154 possidebat
2080 1070 2476 1138 cathedram.

609 1264 804 1333 Sedis
849 1266 994 1350 ejus
1040 1272 1142 1329 est
1186 1283 1424 1328 revera
1468 1262 1824 1329 Rubilocus
1873 1263 2249 1348 toparchia,

608 1370 718 1435 ubi
763 1388 1024 1454 semper
1068 1367 1226 1433 fecit
1270 1367 1460 1448 signa
1505 1373 1701 1448 atque
1746 1365 1904 1431 facit
1945 1366 2257 1449 plurima,

608 1480 830 1538 suetus
876 1473 1124 1537 cunctis
1169 1487 1360 1553 opem
1404 1470 1581 1533 ferre
1622 1470 1922 1553 corporis
1964 1477 2031 1534 et
2076 1470 2324 1534 animae.

605 1659 794 1724 Nunc
837 1675 1213 1741 precamur,
1259 1655 1424 1721 deus
1467 1663 1659 1742 pater
1678 1704 1696 1740 ,
1742 1674 1966 1722 omnes
2010 1666 2076 1723 te
2118 1657 2571 1739 communiter,

606 1762 850 1827 tuearis
893 1769 964 1826 ut
1013 1778 1134 1826 nos
1177 1759 1326 1844 pius
1371 1760 1579 1859 sancti
1623 1760 1717 1825 tui
1761 1761 2100 1843 precibuS,

609 1864 797 1949 cujus
841 1865 1048 1930 virtus
1090 1871 1289 1947 atque
1328 1882 1605 1945 regnum
1648 1862 1832 1944 viget
1874 1863 1942 1926 in
1984 1870 2385 1963 perpetuum.

573 2046 670 2103 Hs.
710 2063 781 2102 zu
817 2047 1014 2117 Trier,
1052 2046 1330 2103 Dombibl.
1367 2047 1474 2104 No.
1509 2050 1559 2102 ὅ.
1596 2047 1658 2104 F.
1697 2048 1798 2103 des
1836 2050 1904 2103 12
1935 2047 2135 2104 Jahrb.

583 2168 651 2222 13
686 2167 825 2240 algu
862 2172 921 2223 et
955 2165 1090 2223 fort.
1127 2168 1222 2227 Hs.
1284 2170 1353 2225 31
1389 2167 1698 2225 Rebilocus
1734 2165 1776 2224 f.
1812 2168 2061 2225 Roboris
2100 2169 2277 2239 locus,
2313 2169 2595 2225 Eich-stcidt.

1353 2450 1570 2524 1212.
1628 2452 1745 2524 De
1792 2450 2061 2525 eodem.

397 2655 599 2735 Deus,
650 2659 899 2720 tuorum
945 2655 1207 2720 militum
1758 2655 1856 2725 Ob
1900 2656 2047 2741 ejus
2091 2657 2261 2721 alma
2303 2657 2533 2721 merita

396 2776 640 2825 corona
658 2807 673 2837 ,
716 2775 861 2839 spes
905 2764 963 2823 et
1004 2759 1329 2840 proemium
1346 2802 1361 2835 ,
1758 2768 1983 2825 nostra
2026 2761 2255 2825 relaxa
2300 2761 2593 2842 crimina,

398 2859 666 2925 attende
710 2860 938 2944 pronis
985 2861 1248 2925 auribus
1758 2861 1868 2929 hic
1909 2863 2117 2931 libera
2163 2862 2248 2927 de
2291 2863 2501 2927 noxiis

395 2959 684 3046 indignis
728 2962 968 3027 nostris
1012 2962 1304 3045 vocibus,
1488 3019 1494 3025 .
1759 2972 1828 3029 et
1866 2965 1932 3030 in
1979 2965 2210 3030 futuris
2255 2965 2530 3031 saeculis.

396 3125 524 3206 Qui
565 3125 1022 3194 Willibaldum
1069 3126 1261 3193 hodie
1323 3202 1342 3218 ο
1611 3132 1650 3192 5
1758 3127 1865 3220 Te,
1897 3136 2127 3195 cuncta
2172 3129 2437 3195 laudent
2478 3131 2779 3214 pariter,

397 3232 484 3297 ab
530 3233 703 3297 omni
745 3253 980 3317 purum
1018 3232 1284 3299 crimine
1755 3249 1999 3297 summe
2047 3241 2418 3317 cunctorum
2465 3235 2760 3317 arbiter,

396 3331 701 3399 eductum
747 3335 963 3399 carnis
1008 3353 1217 3399 cavea
1756 3342 1856 3398 est
1902 3334 2088 3418 cujus
2132 3354 2407 3418 regnum
2450 3335 2694 3400 stabile

396 3435 633 3501 locasti
677 3456 878 3521 super
922 3438 1189 3503 aethera.
1754 3457 1875 3521 per
1921 3459 2132 3504 aevum
2176 3440 2317 3504 sine
2355 3448 2673 3525 tempore.

580 3619 699 3674 Ans
737 3618 1028 3675 derselben
1064 3619 1159 3676 Hs.

573 3739 732 3795 Zwei
767 3739 975 3793 andere
1012 3740 1213 3795 Lieder
1247 3739 1355 3797 auf
1377 3742 1476 3797 ihu
1510 3743 1708 3798 stehen
1744 3744 1803 3798 in
1839 3743 1947 3799 den
1980 3745 2128 3801 Acta
2165 3745 2268 3802 SS.
2302 3745 2443 3803 sulii
2477 3748 2528 3813 2,
2566 3749 2698 3804 499.

908 4021 1126 4097 1213.
1181 4024 1299 4097 De
1347 4044 1400 4097 s.
1455 4023 1947 4101 willibrordo
2000 4029 2492 4126 (troparium).

395 4253 453 4317 1.
507 4250 770 4318 Laudes
813 4250 1077 4317 Christo
1881 4230 1980 4298 Ob
2026 4233 2512 4297 venerationem

524 4355 630 4421 die
676 4374 845 4421 nunc
888 4357 1013 4422 isto
1880 4335 2089 4419 Patris
2134 4335 2381 4418 eximii,

523 4458 862 4524 celebrent
909 4476 1132 4525 omnes
1880 4437 2089 4503 88110ίί
2134 4435 2569 4504 Willibffordi

520 4560 760 4642 ubique
803 4562 1036 4629 fideles
1752 4567 1813 4631 2.
1876 4562 2065 4630 Hunc
2108 4565 2361 4632 coelitus
2405 4566 2684 4650 delapsa

520 4679 760 4744 magno
805 4663 1089 4750 tripudio
1609 4670 1648 4730 5
1883 4668 2134 4735 enitens
2178 4670 2428 4738 notavit
2471 4671 2625 4738 luna
2642 4716 2661 4753 ,

2991 481 3061 541 25

2980 1764 3049 1825 35

2974 2768 3039 2831 10

2963 3344 3031 3403 15

2948 4675 3021 4739 10
