3175 5234
387 259 477 322 94

393 443 481 510 ad
524 439 918 525 diligendum
962 436 1215 504 fervide
1753 430 1987 495 ostiola
2031 446 2153 493 vos
2198 430 2433 512 patriae

478 544 840 610 incendium
886 543 1209 625 praebete,
1837 534 1992 598 bina
2035 533 2180 597 miri
2225 532 2521 616 decoris,
2930 536 3023 601 60

392 668 496 713 me
543 646 627 711 ad
670 643 1065 709 noscendum
1107 639 1371 723 limpide
1560 639 1644 699 55
1751 654 1875 718 per
1912 652 2034 699 vos
2083 634 2417 718 culparum
2461 635 2721 699 veniam

480 747 752 813 scientia
794 747 1065 829 replete.
1842 744 1910 800 et
1952 737 2231 819 gratiam
2277 737 2653 819 nanciscar,

1754 858 1877 922 per
1921 855 2044 900 vos
2089 837 2423 902 coelestem
2466 838 2746 919 gloriam

393 934 556 1001 Duae
603 935 796 998 Olivae
841 932 1112 1015 &¹⁸⁸5aeae
1845 960 1989 1006 cum
2033 940 2277 1003 sanctis
2324 940 2671 1023 adipiscar.

483 1054 606 1101 vos
653 1035 769 1099 filii
814 1034 1214 1119 splendori8‚

572 1211 668 1265 Hs.
707 1228 777 1266 zu
814 1211 1088 1267 Miinchen
1139 1209 1274 1263 Clm.
1312 1209 1470 1262 3012.
1519 1204 1560 1261 f.
1595 1207 1683 1260 46.
1736 1207 1804 1259 15
1840 1204 2039 1261 Jahrb.
2087 1206 2215 1274 (A).
2306 1204 2693 1260 Reichenauer
2728 1206 3025 1276 Pap-Hs.

397 1299 504 1355 No.
541 1301 627 1354 36.
683 1298 770 1353 Bl.
808 1299 927 1352 181.
984 1313 1054 1351 zu
1107 1294 1451 1362 Karlsruhe,
1515 1295 1583 1346 15
1639 1292 1833 1348 Jahrb.
1892 1292 2018 1361 (B).
2093 1291 2221 1346 Von
2268 1291 2392 1346 dem
2432 1292 2601 1347 Prior
2640 1293 2867 1349 Konrat
2901 1310 3026 1349 von

397 1385 590 1442 Gamin
637 1424 649 1437 .

575 1400 763 1545 geber
800 1484 890 1539 die
926 1482 1297 1554 Verbindung
1344 1482 1540 1538 beider
1575 1479 1822 1552 Apostel
1870 1484 2007 1552 sagt
2040 1482 2303 1550 Auqusein.
2340 1496 2502 1536 serm.
2538 1482 2665 1550 298,
2700 1486 2751 1536 1.
2807 1483 3026 1538 Petrus

402 1572 617 1644 primus
651 1569 1066 1641 apostolorum,
1099 1569 1309 1624 Paulus
1338 1569 1678 1624 novissimus
1705 1567 2117 1639 apostolorum,
2156 1598 2221 1608 —-
2261 1566 2335 1623 ad
2360 1583 2526 1622 unum
2556 1567 2702 1622 diem
2727 1570 3027 1639 passionis

399 1658 509 1714 sibi
551 1661 923 1713 occurrerunt
956 1655 1168 1726 primus
1205 1661 1264 1710 et
1299 1654 1656 1709 novissimus.
1730 1652 1930 1707 Sermo
1967 1653 2092 1720 299,
2126 1655 2177 1707 2.
2249 1652 2416 1722 deus,
2453 1654 2550 1724 qui
2585 1670 2648 1708 se
2682 1656 2926 1725 primum
2964 1663 3029 1712 et

399 1747 763 1805 novissimum
800 1744 1118 1800 aeternitate
1158 1743 1591 1814 commendavit,
1628 1742 1751 1814 ipse
1786 1740 2085 1813 apostolos
2122 1741 2357 1812 primum
2395 1748 2454 1798 et
2488 1743 2854 1799 novissimum
2890 1760 3029 1816 pas-

398 1833 559 1890 sione
595 1829 905 1905 conjunxit.

577 1956 646 2009 13
692 1954 968 2027 perspicis
1016 1956 1099 2025 A,
1152 1970 1216 2009 es
1265 1952 1489 2009 bezieht
1534 1954 1658 2009 sich
1704 1951 1813 2008 auf
1849 1952 1940 2007 die
1986 1951 2355 2025 Verklfirung
2391 1953 2621 2010 Christi.
2689 1956 2763 2009 32
2796 1972 2916 2011 vox
2953 1956 3021 2011 B.

403 2042 478 2098 34
529 2056 738 2113 magna
791 2042 943 2097 steht
995 2056 1105 2096 vor
1157 2037 1453 2096 luminaria
1500 2041 1563 2096 B.
1654 2042 1725 2095 45
1773 2037 2038 2095 formatoe
2093 2040 2169 2094 ist
2221 2040 2366 2095 auch
2419 2040 2691 2112 sulfissig.
2773 2043 2848 2096 46
2882 2058 3022 2099 mox

398 2127 535 2185 disc.
571 2130 642 2186 A.
711 2130 784 2184 49
817 2129 1052 2200 spiritus
1087 2127 1128 2184 f.
1154 2134 1329 2184 sanct.
1357 2128 1418 2183 B.
1487 2131 1557 2182 52
1583 2142 1692 2183 vos
1720 2126 2035 2182 delatantes
2059 2127 2122 2182 B.
2178 2129 2251 2181 59
2268 2128 2521 2183 hostiola
2538 2128 2655 2199 AB,
2680 2129 2920 2199 proprie
2950 2132 3020 2187 B.

571 2250 638 2305 V.
677 2253 726 2305 1.
781 2257 1000 2322 pastor.
1055 2251 1312 2321 chrysost.
1364 2248 1434 2304 de
1469 2248 1750 2303 sacerdot.
1796 2250 1862 2317 2,
1900 2249 1949 2302 1.
1996 2251 2130 2318 sagt
2164 2264 2236 2302 zu
2269 2247 2398 2304 Joh.
2434 2250 2522 2318 21,
2561 2251 2642 2303 15.
2695 2249 2879 2325 ἐρωτᾷ
2924 2250 3023 2308 τὸν

395 2335 660 2407 μαθητὴν
694 2333 727 2391 ὁ
764 2335 1131 2405 διδάσκαλος,
1197 2370 1249 2380 -
1316 2336 1403 2391 ἵνα
1455 2332 1605 2406 ἡμᾶς
1653 2331 1881 2407 διδάξῃ,
1935 2332 2070 2390 ὅσον
2105 2331 2257 2406 αὐτῷ
2289 2337 2441 2407 μέλει
2476 2334 2575 2406 τῆς
2607 2335 2717 2392 τῶν
2751 2343 3025 2410 ποιμνίων

401 2423 728 2484 ἐπιστασίας
761 2420 983 2477 τούτων.
1047 2421 1107 2477 S.
1144 2421 1251 2476 No.
1288 2422 1412 2489 685,
1439 2423 1491 2474 7.

575 2508 648 2563 V.
684 2509 734 2561 9.
797 2507 1093 2578 princeps,
1148 2507 1326 2561 daher
1361 2506 1539 2561 heisst
1571 2520 1638 2560 er
1674 2503 2092 2581 πρωτόθρονος.
2144 2507 2271 2561 Jan.
2323 2508 2409 2563 16.
2504 2508 2788 2565 Primatus
2842 2512 3025 2570 Petro

401 2596 602 2666 datur,
639 2599 703 2650 ut
736 2609 850 2649 una
885 2593 1095 2649 Christi
1130 2593 1376 2648 ecclesia
1410 2599 1471 2649 et
1510 2593 1783 2649 cathedra
1818 2609 1930 2648 una
1969 2598 2331 2649 monstretur.
2397 2595 2455 2650 S.
2494 2596 2742 2667 Cypriani
2775 2597 2848 2652 de
2883 2600 3028 2656 unit.

401 2680 540 2737 eccl.
575 2697 631 2752 p.
668 2682 791 2735 397.
864 2679 1136 2751 Princeps
1172 2679 1599 2751 apostolorum,
1656 2677 1923 2750 princeps
1962 2683 2250 2734 tantorum
2286 2680 2618 2751 principum.
2690 2681 2753 2738 S.
2788 2688 3024 2743 Anxani

401 2778 550 2830 orat.
587 2773 671 2826 64.

578 2861 649 2916 V.
687 2863 772 2914 10.
821 2860 1095 2915 ecclesiae.
1151 2859 1348 2917 Gestat
1382 2862 1586 2916 Petrus
1621 2861 1952 2932 plerumque
1989 2860 2249 2916 ecclesiae
2282 2876 2601 2932 personam.
2655 2862 2714 2918 S.
2750 2860 3027 2929 Anqustini

402 2965 592 3006 sermo
646 2949 748 3016 75,
807 2949 890 3006 10.
973 2946 1343 3019 Evangelium
1403 2948 1669 3002 admonet
1716 2963 1821 3002 nos
1872 2945 2196 3018 intelligere
2242 2962 2399 3002 mare
2445 2963 2700 3018 praesens
2749 2947 3025 3002 saeculum

402 3052 549 3104 esse,
586 3034 816 3088 Petrum
849 3050 990 3088 vero
1028 3034 1348 3105 apostolum
1385 3034 1474 3105 (in
1513 3035 1708 3106 Bezug
1747 3030 1854 3087 anf
1878 3033 2075 3089 matth.
2112 3036 2209 3103 14,
2243 3034 2489 3104 28-31)
2539 3033 2799 3089 eeclesioe
2835 3034 3025 3090 unicm

403 3125 617 3192 typum.
715 3120 841 3191 lpse
895 3120 1040 3175 enim
1092 3122 1294 3177 Petrus
1346 3122 1406 3176 in
1459 3121 1854 3192 apostolorum
1908 3121 2105 3175 ordine
2150 3120 2395 3191 primus,
2455 3122 2513 3176 in
2562 3121 2777 3178 Christi
2822 3137 3025 3177 amore

404 3206 850 3277 promtissimus,
905 3223 1059 3278 saepe
1094 3225 1237 3264 unus
1272 3209 1581 3280 respondet
1615 3224 1724 3279 pro
1762 3205 2034 3263 omnibus.
2093 3237 2158 3249 -·
2224 3207 2438 3263 Nomen
2475 3208 2679 3264 Petrus
2714 3224 2753 3263 a
2788 3210 3023 3266 domino

403 3295 726 3366 impositum
762 3302 867 3366 est,
904 3302 964 3351 et
998 3296 1108 3352 hoc
1144 3298 1201 3354 in
1237 3313 1307 3352 ea
1343 3295 1545 3369 figura,
1582 3302 1648 3352 ut
1683 3291 2037 3368 significaret
2070 3296 2382 3352 ecclesiam.
2434 3298 2613 3364 Ejusd.
2650 3311 2813 3351 serm.
2853 3297 2946 3365 76,
2974 3298 3022 3351 1.

404 3384 607 3441 Petrus
643 3385 902 3441 ecclesiae
939 3381 1180 3456 figuram
1215 3391 1427 3456 portat,
1465 3383 1827 3455 apostolatus
1862 3383 2253 3454 principatum.
2303 3384 2439 3439 Ibid.
2478 3386 2566 3453 76,
2600 3386 2652 3439 3.
2710 3384 2834 3452 149,
2873 3385 2927 3437 7.

576 3472 646 3527 V.
683 3475 770 3525 11.
824 3472 922 3539 τῆς
955 3471 1267 3540 οἰκουμένης
1304 3468 1658 3534 διδάσκαλος.
1732 3470 1989 3541 Chrysost.
2027 3474 2230 3524 contra
2265 3484 2446 3525 anom.
2484 3470 2545 3540 8,
2581 3471 2634 3524 3.

577 3556 648 3611 V.
683 3558 768 3611 33.
827 3552 1114 3630 φωστῆρες
1150 3550 1204 3609 ὁι
1237 3554 1471 3631 μεγάλοι
1507 3554 1606 3627 τῆς
1643 3556 1941 3627 ἐκκλησίας.
1993 3555 2121 3612 Jun.
2158 3556 2244 3610 29.

575 3642 644 3696 V.
680 3645 766 3696 41.
812 3640 979 3695 tubae.
1033 3642 1259 3703 Παυλος
1294 3640 1543 3714 σάλπιγξ
1580 3646 1731 3698 θεία.
1766 3642 1932 3699 Febr.
1972 3644 2054 3696 15.
2127 3641 2381 3713 chrysost.
2419 3641 2487 3697 de
2525 3646 2698 3697 terrae
2733 3646 2899 3698 motu
2925 3658 2970 3699 c.
2990 3645 3025 3698 9

403 3732 576 3783 neunt
610 3726 715 3782 den
733 3726 996 3797 ‘Apostel
1030 3725 1241 3781 Paulus
1277 3725 1416 3803 λύρα
1451 3728 1551 3784 τοῦ
1592 3727 1918 3801 πνεύματος.

592 3812 658 3869 V.
696 3814 779 3868 57.
830 3811 1088 3868 Andreas
1123 3829 1238 3868 von
1274 3815 1595 3870 Jerusalem
1630 3821 1805 3871 neunt
1838 3815 1923 3871 sie
1961 3814 2015 3870 ὁι
2049 3813 2147 3886 τῆς
2182 3813 2414 3890 χάριτος
2450 3812 2680 3892 dulcique.
2731 3814 2865 3870 Jun.
2902 3816 2993 3875 29.

914 4166 1089 4239 687.
1170 4164 1558 4264 Sequentia
1613 4165 1700 4238 de
1754 4193 1809 4238 s.
1862 4166 2087 4239 Petro
2141 4177 2211 4239 et
2260 4166 2517 4240 Paulo.
2556 4131 2563 4139 .

405 4401 570 4467 Duae
614 4422 774 4466 vere
821 4414 970 4469 sunt
1014 4405 1239 4488 olivae,
1764 4402 1996 4486 quibus
2044 4399 2202 4465 Sion
2251 4409 2351 4465 est
2396 4401 2720 4484 compluta

399 4522 525 4588 per
556 4519 737 4586 ‚quos
781 4504 1025 4586 plantae
1069 4507 1414 4589 primitivae
1764 4513 1832 4570 et
1877 4504 2145 4569 coeleste
2184 4504 2473 4569 delibuta
2985 4506 3025 4569 5

488 4612 844 4670 noscuntur
887 4606 1185 4674 ecclesiae
1207 4656 1225 4690 ‚
1850 4607 2060 4672 Roma
2103 4626 2259 4672 rore
2304 4607 2553 4690 gratiae.
