3175 5234
394 417 623 484 Foedae
665 418 882 483 carnis
925 417 1114 482 luxus
1160 417 1332 500 pelle
1751 415 1934 482 Sana
1976 418 2238 481 morbos
2284 423 2353 480 et
2394 417 2788 499 languores,

395 531 462 587 et
509 530 792 605 purgato
837 522 1053 587 cordis
1096 522 1253 585 felle
1319 572 1326 579 .
1752 539 1909 586 cura
1953 528 2175 604 pestes
2221 528 2289 584 et
2332 519 2594 584 dolores

484 625 611 690 deo
656 644 777 691 nos
820 625 1127 707 eoncilia,
1835 623 2121 704 fugaque
2164 620 2516 713 daemonia,
2942 627 3022 686 1⁵

397 727 597 793 funde
638 743 875 811 preces
918 743 1042 810 pro
1086 728 1409 810 peccatis,
1564 729 1646 792 10
1749 727 2037 810 placens·
2066 724 2191 789 deo
2236 727 2429 809 placa
2478 726 2694 809 deum,

393 840 612 895 notam
659 830 808 893 dele
850 831 1226 913 pravitatis,
1748 850 1831 894 ne
1876 829 2264 895 condemnet
2309 832 2564 914 plasma
2606 850 2797 895 reum

480 944 548 1000 et
590 943 868 1000 mentem
914 935 1178 1000 irradia.
1836 936 2052 1000 carnis
2098 942 2250 1018 post
2297 936 2511 1000 exitia.

566 1118 660 1174 Es.
701 1136 772 1174 zu
805 1118 1003 1185 mainz,
1043 1125 1188 1192 Aug.
1227 1121 1332 1176 No.
1371 1122 1492 1176 439.
1528 1120 1614 1176 131.
1654 1121 1772 1175 180.
1810 1118 1908 1173 des
1946 1120 2014 1173 15
2049 1090 2249 1175 Jah'rh.

567 1244 634 1295 12
671 1241 977 1311 iracundia,
1016 1243 1112 1297 Hs.

565 1398 669 1455 Ein
722 1397 962 1454 anderes
1009 1396 1146 1452 Lied
1200 1372 1308 1452 auf
1354 1396 1546 1467 diesen
1596 1396 1858 1469 Heiligen
1902 1396 1959 1449 in
2004 1399 2037 1448 5
2086 1394 2376 1465 Strophen
2421 1395 2523 1450 mit
2569 1393 2695 1450 dem
2744 1394 3008 1469 Aufug:

390 1486 613 1556 Han-tyr
657 1484 749 1539 dei
797 1484 1029 1555 egregie
1078 1484 1231 1538 steht
1277 1484 1333 1538 in
1383 1485 1442 1538 A.
1479 1483 1612 1549 Maji
1659 1500 1789 1539 nov.
1828 1482 1962 1537 bibl.
2001 1487 2225 1551 patrum
2276 1481 2327 1549 1,
2372 1485 2416 1536 1.
2468 1496 2522 1551 p.
2561 1482 2683 1536 201.
2732 1498 2846 1538 aus
2883 1484 3010 1539 de-

392 1574 460 1627 11
496 1571 694 1627 Jahrb.

806 1854 1025 1929 1150.
1102 1852 1181 1928 S.
1236 1802 1639 1926 sebastiani
1686 1853 2010 1952 martyris
2079 1853 2565 1951 (wopan-ium).

395 2062 456 2126 1.
517 2059 746 2144 Dignis
792 2060 1177 2125 extollamus
1748 2058 1809 2121 5.
1871 2054 1957 2121 Et
2003 2055 2128 2120 deo
2174 2034 2490 2121 reddebat
2535 2058 2790 2124 animas
2816 2109 2832 2142 ,

521 2161 850 2245 laudibus,
899 2161 1245 2244 carissimi,
1878 2178 2039 2242 quas
2086 2163 2394 2244 captabat
2438 2169 2703 2227 satanas
2722 2212 2741 2245 ,
2926 2166 3009 2229 20

521 2298 727 2384 Regis
772 2300 1001 2365 aeterni
1047 2300 1360 2381 gratiam,
1877 2311 2309 2398 Athletasque
2357 2317 2460 2381 dei
2506 2318 2817 2387 defessos

526 2422 673 2486 quae
720 2402 833 2467 dat
875 2402 1154 2485 palmam
1202 2410 1267 2466 et
1311 2402 1606 2485 gloriam,
1879 2418 2160 2483 reddidit
2203 2420 2576 2504 intrepidos.

522 2540 611 2607 Et
652 2560 773 2623 per
818 2540 1176 2622 triumphos
1208 2547 1561 2623 martyrum
1603 2544 1641 2604 5

526 2644 780 2708 confert
822 2645 1009 2708 nobis
1039 2644 1336 2709 solatium
1382 2653 1447 2708 et
1476 2664 1642 2728 gau·
1746 2659 1807 2721 6,
1870 2655 2147 2739 Eloqujo
2193 2661 2443 2723 carenti

1055 2744 1063 2751 '
1123 2745 1312 2810 dium.
1878 2759 2004 2825 hoc
2050 2764 2216 2826 bene
2263 2762 2553 2827 credenti

1877 2863 2249 2928 facultatem
2293 2866 2572 2949 loquelae
2930 2874 3012 2935 25

392 2908 455 2973 2·
513 2904 616 2970 ΕΧ
663 2924 933 2989 quorum
969 2925 1237 2972 flumem
1277 2908 1380 2971 Vir
1409 2911 1642 2974 beatus
1876 2963 2159 3029 reddidit
2203 2985 2421 3049 prece.

525 3010 719 3075 micat
792 3011 977 3076 nobis
1051 3009 1476 3077 Sebastianus
1541 3013 1641 3076 in-

1122 3116 1335 3199 clytus
1351 3164 1368 3198 ,
1877 3115 2182 3182 Geminos
2229 3137 2483 3202 quoque
2528 3121 2782 3189 fratres

523 3250 785 3319 Amictu
824 3253 1185 3338 chlamydis
1224 3255 1641 3319 obumbratus
1876 3229 1943 3284 Εἴ
1985 3228 2343 3305 martyrum
2382 3224 2610 3307 ΡῙΠῙὊ8

524 3367 591 3424 et
654 3361 947 3426 occultus
1023 3362 1143 3424 sub
1208 3360 1465 3423 militari
1521 3358 1640 3423 ha·
1875 3342 2017 3443 ⁰¹{m
2064 3326 2294 3406 ³30⁰ss
2341 3344 2585 3392 corona

1120 3463 1272 3527 bitu,
1558 3462 1637 3524 10
1873 3430 2043 3493 m1sit
2088 3429 2172 3494 ad
2219 3433 2368 3496 alta.
2929 3441 3009 3504 30

390 3626 454 3691 3.
514 3624 636 3689 Dei
679 3627 823 3690 veri
867 3627 1076 3691 cultor
1120 3627 1430 3693 honestus

520 3735 749 3811 gratus
808 3736 948 3792 erat
1009 3737 1075 3792 et
1132 3739 1440 3812 acceptus
1500 3748 1638 3794 om-

1120 3834 1342 3915 nibus,

1744 3675 1803 3735 7.
1867 3671 2256 3754 Imperatori
2303 3673 2562 3738 tandem

1873 3778 1976 3840 vir
2022 3774 2129 3839 dei
2174 3786 2274 3840 est
2318 3777 2645 3861 proditus,

1871 3915 1959 3983 Ut
2004 3936 2154 3982 reus
2199 3919 2446 3984 sistitur
2459 3964 2476 3997 ,

519 3966 746 4034 Gratia
790 3968 1093 4052 ΡΘΓῩ118118
1141 3970 1360 4035 diVina
1477 4035 1489 4046 ·
1876 4021 2133 4103 sagittis
2178 4030 2352 4086 totus
2398 4023 2772 4106 configitur.

512 4071 758 4155 placuit
803 4071 866 4136 in
914 4078 1055 4136 tota
1096 4071 1322 4137 Romae
1368 4076 1565 4139 curia.

1873 4159 1989 4222 His
2033 4159 2247 4243 plagis
2295 4163 2535 4226 curatis
2925 4168 3005 4229 35

381 4261 445 4325 4.
506 4258 630 4326 Hic
675 4262 919 4326 amicus
965 4269 1107 4325 erat
1152 4260 1513 4344 principum
1551 4261 1632 4321 15
1873 4263 2053 4326 ocius
2104 4264 2366 4328 sanitati
2399 4260 2405 4267 ’

516 4367 599 4429 ob
645 4363 840 4429 fidele
886 4365 1248 4447 servitium,
1868 4367 2205 4450 perfectae.
2245 4377 2591 4452 postquam
2665 4379 2775 4436 est
2848 4372 3006 4439 red·

407 4516 416 4527 ·
512 4499 693 4565 Idem
727 4500 871 4584 jam
915 4499 1179 4566 Christo
1223 4500 1518 4567 sedulum
2472 4472 2674 4554 ‘mm’

516 4604 866 4669 exhibebat
905 4604 1216 4689 officium,
1868 4603 2058 4672 Ultro
2102 4624 2174 4672 se
2217 4608 2499 4674 offerens

3123 4142 3125 4235 ὦ
