3175 5234
353 457 496 527 Sex
539 462 736 527 struis
781 462 848 526 in
891 457 1116 527 Sicilia
1568 463 1608 554 ⁵.
1722 464 1819 532 Tu
1863 462 2256 550 Anglicanis
2298 466 2601 550 gentibus

438 573 509 630 et
553 565 894 648 septimum
934 565 1002 628 in
1047 562 1226 630 Urbe
1808 569 2115 635 doctores
2160 570 2598 652 transmisisti,

352 675 630 753 accepta
674 668 1104 746 monasteria,
1719 691 1882 756 quas
1924 673 2170 737 meritis
2217 680 2284 738 et
2326 674 2631 757 precibus

437 770 592 838 hinc
634 769 962 838 subtrahis
1003 778 1072 835 te
1116 772 1343 838 turbae.
1804 773 1893 838 ad
1935 772 2130 838 fidem
2176 775 2572 839 convertisti.

351 961 444 1033 Ut
485 982 687 1030 vaces
731 962 859 1030 deo
902 964 1145 1046 libere,
1713 960 1968 1026 Flendo
2013 960 2363 1046 Trajanum
2409 979 2687 1026 revocas

439 1076 704 1144 terrena
746 1067 1224 1151 contempsisti,
1525 1066 1607 1128 10
1802 1083 1843 1127 a
1887 1083 2081 1149 poena
2130 1064 2506 1146 gehennali,
2684 1137 2688 1140 Α

351 1176 426 1238 ut
466 1186 701 1254 posses
745 1170 859 1233 vix
905 1168 1293 1250 subsistere,
1715 1173 2031 1231 matronae
2075 1164 2269 1228 fidem
2314 1165 2603 1242 advocas

438 1273 538 1337 sic
579 1290 819 1355 corpus
864 1269 1169 1335 afflixisti.
1804 1285 2003 1333 carne
2047 1267 2516 1332 sacramentali.

348 1458 758 1544 Argenteam
787 1456 1224 1543 ‘parapsidem
1716 1456 1814 1523 Tu
1856 1457 2090 1541 plenus
2128 1473 2201 1519 es
2243 1456 2617 1533 virtutibus,

437 1580 652 1647 egeno
697 1565 1049 1644 erogabas,
1488 1556 1494 1562 ’
1799 1577 2072 1642 magnus
2119 1559 2505 1638 hnmilitate,

353 1666 440 1732 ad
482 1682 770 1730 mensam
812 1666 993 1729 venit
1033 1662 1258 1729 itidem
1522 1666 1603 1728 15
1714 1669 1783 1727 tu
1828 1662 2054 1743 largus
2092 1680 2173 1725 es
2218 1662 2646 1745 pauperibus,

436 1774 590 1852 post
630 1787 914 1853 pauper,
962 1774 1029 1832 et
1071 1769 1379 1850 notabas',
1795 1767 2124 1850 perfectus
2170 1767 2529 1830 sanctitate.

346 1957 538 2043 Quod
581 1958 828 2024 vultum
870 1945 1074 2024 mutat
1119 1957 1471 2040 crebrius,
1711 1956 2025 2025 Columba
2070 1959 2300 2025 doctus
2346 1960 2613 2025 disseris

433 2061 555 2127 sed
598 2062 804 2127 refert
846 2062 1217 2147 adjuratus,
1793 2070 2050 2144 secreta
2095 2063 2594 2146 scripturarum,

347 2165 521 2250 quod
566 2165 842 2249 angelus
886 2166 971 2228 sit
993 2165 1317 2248 >proprius
1697 2161 1898 2246 juges
1945 2162 2295 2244 languores
2322 2166 2588 2260 spateris

432 2290 476 2335 a
519 2268 647 2333 deo
692 2269 808 2336 tibi
854 2268 1060 2341 datus.
1445 2287 1450 2292 ·
1515 2265 1601 2330 20
1795 2264 2186 2349 doloresque
2222 2286 2593 2352 poenarum,

343 2458 526 2540 eum,
550 2477 792 2543 papam
836 2456 1200 2538 inguinaria
1704 2452 1846 2521 Sed
1889 2457 2102 2520 versis
2138 2457 2281 2540 jam
2324 2452 2709 2569 moeroribus
2802 2499 2808 2505 ·

432 2561 758 2628 decedere
802 2559 1053 2642 coegit,
1366 2555 1372 2562 '
1790 2569 1859 2625 et
1901 2559 2157 2625 fletibus
2202 2563 2266 2625 in
2313 2563 2515 2629 risum

289 2716 293 2721 .
343 2663 558 2734 omnis
593 2660 891 2727 Romana
930 2660 1115 2745 ‚curia
1696 2664 1854 2748 jam
1879 2683 2121 2748 pausas
2166 2686 2209 2730 a
2254 2666 2590 2735 doloribus

427 2767 497 2832 in
540 2784 781 2850 papam
823 2763 1166 2847 te'elegit3
1606 2823 1611 2827 .
1708 2813 1713 2820 .
1786 2767 1853 2831 in
1897 2766 2089 2833 deum
2133 2769 2418 2835 tendens
2456 2772 2679 2837 visum.

338 2952 479 3020 Sed
525 2971 670 3020 cum
710 2951 857 3018 haec
899 2951 1271 3037 pestilentia
1508 2937 1595 3014 2⁵
1700 2956 1795 3022 Te
1840 2975 2064 3040 quaeso
2110 2958 2262 3022 mihi
2307 2960 2562 3025 veniam

309 3099 316 3104 -
425 3057 685 3145 plebem
729 3056 944 3124 adhuc
985 3063 1310 3138 vastaret,
1787 3065 1856 3122 et
1899 3058 2122 3141 fugam
2165 3061 2468 3126 vitiorum

338 3168 411 3227 ut
455 3159 644 3246 plebs
688 3178 955 3244 precum
1002 3157 1308 3224 instantia
1465 3153 1492 3166 ”“
1699 3181 1988 3246 exposce
2032 3162 2139 3228 dei
2183 3165 2460 3247 gratiam

424 3258 800 3330 ferventius
825 3270 1077 3347 oraret,
1241 3301 1244 3306 «
1415 3289 1422 3294 ·
1784 3274 1854 3333 et
1895 3267 2150 3352 copiam
2189 3267 2522 3334 donorum.

335 3452 503 3521 Cum
545 3454 803 3520 letaniis
845 3452 1109 3520 instruis
1395 3441 1400 3446 ⁵
1445 3479 1448 3482 ·
1676 3455 1791 3523 'Te
1831 3458 2059 3541 flagito
2104 3461 2442 3544 attentius,

421 3557 583 3647 cleri
625 3557 1111 3641 processionem
1125 3603 1145 3639 ,
1474 3555 1588 3620 -30
1781 3563 2187 3629 sanctissime
2231 3564 2515 3649 Gregori
2529 3611 2549 3649 ‚

335 3660 437 3752 sic⁶
474 3661 781 3744 precibus
825 3659 1101 3725 assiduis
1693 3662 1860 3729 assis
1905 3663 2058 3728 mibi
2101 3669 2421 3752 propitius
2435 3717 2454 3747 ,

421 3762 598 3828 hanc
638 3760 833 3849 sedas
876 3763 1263 3846 passionem.
1573 3828 1578 3832 ,
1780 3766 1931 3832 dum
1966 3787 2069 3833 me
2112 3772 2448 3854 contingat
2488 3773 2685 3854 mori,

332 3925 479 3994 Deo
523 3945 766 3992 vacare
813 3925 1068 3992 inhians
1690 3927 1778 3996 Et
1822 3934 1904 3997 ab
1953 3940 2201 3997 aeterna
2244 3932 2455 4002 libera

418 4031 629 4098 latere
674 4028 1045 4112 conabaris,
1283 4094 1293 4103 .
1363 4097 1368 4100 .
1776 4054 1881 4101 me
1926 4055 2124 4120 poena
2167 4039 2593 4121 reproborum

313 4136 629 4205 ‘columna
669 4133 834 4200 lucis
877 4131 1145 4198 radians
1499 4131 1583 4195 35
1688 4146 1758 4203 et
1798 4145 2010 4205 tecum
2055 4139 2181 4206 duc
2216 4148 2396 4205 trans
2441 4140 2691 4208 aethera

413 4250 483 4310 te
528 4241 783 4328 prodit,
826 4239 1181 4306 revocaris.
1221 4283 1225 4288 ⁴
1771 4242 1841 4307 in
1884 4241 2126 4326 gaudia
2168 4251 2555 4309 sanctorum.

2891 1460 2981 1522 45

2876 2673 2963 2735 55

2873 3273 2962 3337 60

2862 3940 2953 4002 65

499 4402 913 4475 summ-301·
937 4401 1032 4457 ιιι
1067 4397 1132 4455 κ.
1165 4397 1289 4455 316.
1336 4398 1426 4454 m.
1464 4400 1584 4454 m.
1633 4401 1740 4472 (s)
1786 4401 1899 4457 unu
1940 4403 2324 4460 Reiehenaner
2370 4362 2655 4475 Pap-11⁵³.
2705 4403 2817 4461 No.
2852 4408 2945 4463 ae.

323 4490 417 4548 1³1.
450 4490 552 4544 191
609 4490 724 4561 (R)
770 4489 871 4545 des
907 4489 976 4542 15
1009 4487 1208 4545 Jahrb.
1258 4502 1329 4541 zu
1363 4485 1694 4543 Karlsrube.
1784 4489 1882 4545 Hs.
1935 4507 2008 4545 zu
2061 4490 2337 4547 Miinchen
2387 4491 2525 4549 Glm.
2561 4493 2719 4546 3012.
2773 4489 2814 4546 f.
2849 4493 2938 4548 64.

319 4579 393 4631 15
426 4576 626 4632 Jahn-h.
675 4576 806 4648 (C).
887 4575 1018 4632 von
1054 4575 1178 4633 dem
1210 4572 1380 4632 Prior
1418 4575 1644 4636 Konrat
1687 4590 1806 4633 von
1841 4575 2106 4650 (iaming,
2178 4584 2344 4655 unter
2392 4578 2597 4636 dessen
2633 4578 2943 4638 Gedichten

217 4704 221 4707 «
315 4663 510 4721 dieses
543 4662 680 4722 Lied
711 4663 884 4720 steht.
