3175 5234
2719 283 2799 349 11

184 473 341 538 mio
382 480 609 556 patres
653 469 949 553 dispositi
1553 465 1696 531 sslio
1740 465 1968 547 regina
2014 466 2366 548 virginum,
2717 469 2802 530 45

184 595 325 663 pro
372 576 685 660 dignitate
729 575 973 658 meriti,
1554 567 2022 633 transcendens
2066 568 2318 632 eulmen
2362 569 2690 649 ordinum,

190 680 453 744 semota
486 678 625 762 jam
668 677 945 760 ealigine
1553 678 1824 734 excuset
1868 669 2042 754 apud
2088 669 2408 735 dominum

188 783 415 847 lumen
460 780 685 844 vident
727 781 793 843 in
836 779 1090 844 lumine.
1368 777 1451 841 40
1555 781 1921 838 nostrorum
1967 775 2190 857 lapsus
2236 775 2579 841 eriminum.

192 970 285 1036 Hi
330 970 570 1050 saneti,
617 986 885 1051 quorum
929 966 1124 1031 hodie
1554 964 1692 1028 Nos
1736 964 1823 1028 ad
1866 973 2233 1029 sanctorum
2278 967 2551 1048 gloriam

190 1080 623 1140 recensentur
658 1071 1028 1150 sollemnia,
1554 1087 1676 1150 per
1717 1068 2006 1151 ipsorum
2049 1069 2360 1154 suffragia
2717 1074 2802 1136 50

182 1176 335 1259 jam
379 1174 675 1237 revelata
716 1174 885 1238 faeie
1553 1180 1705 1255 post
1746 1182 2137 1256 praesentem
2181 1175 2499 1239 miseriam

194 1296 428 1359 regem
475 1281 744 1340 cernunt
789 1276 851 1338 in
897 1276 1125 1355 gloria.
1556 1273 1799 1342 Christi
1841 1277 2159 1360 perducat
2202 1280 2433 1362 gratia.

377 1475 476 1529 Hs.
522 1491 591 1528 zu
626 1473 686 1529 S.
724 1472 922 1529 Gallen
961 1473 1068 1527 No.
1110 1473 1231 1527 546.
1269 1470 1308 1527 f.
1350 1473 1467 1527 199.
1507 1474 1574 1526 15
1614 1473 1813 1528 Jahrb.
1849 1472 1951 1528 mit
1985 1473 2088 1528 der
2125 1472 2365 1529 Helodie
2402 1474 2529 1542 (Α).
2597 1475 2694 1529 Hs.
2732 1475 2804 1530 im

196 1562 461 1620 Seminu-
496 1577 566 1615 ιιι
601 1559 823 1627 Trient,
872 1560 972 1615 des
1016 1562 1085 1613 14
1119 1560 1316 1616 Jahrh.
1365 1559 1467 1614 mit
1501 1560 1686 1614 Noten
1738 1561 1866 1629 (B).
1949 1560 2336 1616 Reiehenauer
2370 1561 2465 1615 lis.
2503 1579 2572 1617 zu
2610 1562 2806 1617 Karls-

196 1651 358 1719 rnhe,
395 1650 563 1720 Perg.
601 1648 705 1702 No.
739 1650 845 1701 209
886 1645 921 1702 fi
959 1649 1030 1702 48
1065 1647 1166 1702 mit
1200 1647 1302 1702 der
1338 1646 1598 1715 Melodie‚
1638 1650 1706 1700 14
1738 1648 1936 1704 Jahrb.
1976 1648 2076 1702 hat
2112 1648 2201 1701 die
2240 1648 2303 1701 V.
2339 1651 2552 1702 41-52
2587 1648 2677 1703 als
2712 1649 2804 1704 ein

198 1737 546 1795 besonderes
574 1736 737 1791 Lied:
776 1737 858 1791 De
887 1736 1143 1811 quolibet
1170 1742 1386 1804 sancto,
1422 1736 1532 1791 und
1561 1736 1911 1807 demgemiiss
1941 1735 2028 1789 die
2058 1736 2326 1791 Lesarten
2355 1736 2658 1791 verfindert
2677 1737 2803 1805 (C).

382 1863 449 1913 11
502 1858 563 1913 in
615 1873 783 1913 cursu
830 1857 892 1911 B.
991 1859 1062 1910 25
1120 1856 1328 1927 langor
1381 1856 1443 1911 B.
1542 1856 1616 1910 30
1661 1855 1942 1909 ierarchia
1984 1857 2110 1925 AB,
2174 1856 2495 1928 viersylbig
2529 1874 2599 1912 zu
2634 1857 2804 1912 lesen.

197 1950 271 2003 39
323 1964 386 2001 se
430 1950 584 2001 mota
632 1945 694 2000 B.
788 1945 854 1997 41
904 1943 997 1997 hio
1050 1947 1277 1998 sanetus
1331 1943 1492 2015 eujus
1547 1942 1608 1997 C.
1715 1944 1782 1995 42
1838 1942 2196 1998 celebrantur
2251 1945 2310 2001 C.
2416 1946 2486 1997 44
2525 1944 2707 1999 cernit
2741 1947 2803 2001 G.

198 2035 272 2088 48
311 2049 482 2088 nexus
522 2032 581 2086 C.
655 2032 726 2084 50
760 2030 936 2101 ipsius
972 2031 1031 2086 C.
1108 2031 1176 2083 52
1213 2030 1455 2101 gratiam
1492 2030 1553 2084 B.

381 2156 447 2208 V.
488 2157 535 2208 1.
591 2167 837 2223 superna
888 2158 1096 2220 mater,
1155 2149 1243 2204 die
1285 2150 1490 2204 Kirche
1540 2148 1615 2204 im
1650 2150 1897 2205 Himmel.
1962 2151 2020 2205 S.
2054 2151 2158 2204 No.
2194 2153 2317 2218 251,
2358 2153 2402 2203 1.
2457 2151 2560 2205 Νο.
2596 2153 2719 2219 253,
2754 2156 2804 2205 5.

199 2240 305 2298 Die
340 2240 541 2295 Lieder
578 2237 686 2294 auf
712 2238 826 2292 alle
862 2237 1124 2308 Heiligen
1161 2239 1385 2307 haugen
1423 2236 1478 2291 in
1514 2236 1778 2290 mancher
1814 2235 2136 2306 Beziehuug
2171 2235 2272 2290 mit
2307 2236 2415 2291 den
2444 2235 2681 2292 Liedern
2707 2236 2816 2293 auf

201 2329 293 2383 die
330 2327 687 2383 Kirehweihe
725 2341 1054 2380 zusammen.

381 2415 449 2469 V.
487 2416 535 2467 1.
570 2417 623 2469 2.
682 2412 940 2467 ecclesia.
1011 2411 1070 2465 S.
1119 2411 1222 2466 No.
1261 2412 1395 2479 249,
1433 2413 1514 2466 15.
1577 2411 1683 2465 Νο.
1718 2413 1852 2479 254,
1899 2413 1985 2464 21.
2068 2410 2358 2478 Quomodo
2408 2413 2477 2466 de
2527 2413 2700 2469 Adam
2748 2421 2809 2470 et

206 2517 380 2557 uxore
429 2502 556 2573 ejus
604 2515 766 2555 omne
812 2499 1096 2554 hominum
1145 2498 1398 2552 nascitur
1446 2513 1654 2569 genus,
1718 2497 1800 2551 sie
1848 2497 1917 2552 de
1964 2497 2193 2554 Christo
2244 2503 2303 2553 et
2350 2500 2592 2556 ecelesia
2629 2502 2807 2558 omnis

202 2587 548 2643 credentium
581 2586 877 2642 multitudo
916 2591 1190 2658 generata
1226 2590 1341 2655 est,
1379 2600 1506 2655 quae
1532 2601 1699 2639 nuum
1734 2585 1991 2639 eoelesiae
2028 2602 2234 2656 corpus
2264 2583 2467 2641 effecta
2502 2604 2721 2644 rursum
2749 2590 2806 2644 in

206 2675 394 2732 latere
422 2675 634 2732 Christi
669 2674 899 2744 ponitur
935 2679 993 2728 et
1026 2678 1202 2729 eostae
1239 2672 1424 2729 locum
1459 2673 1645 2743 replet
1686 2678 1746 2727 et
1782 2689 1947 2728 unum
1981 2673 2091 2727 viri
2127 2690 2334 2746 corpus
2370 2670 2645 2746 efficitur,
2679 2678 2806 2747 ipso

204 2763 434 2819 domino
466 2763 525 2818 id
560 2762 621 2818 in
656 2761 954 2832 evangelio
996 2760 1322 2830 postulante
1373 2760 1530 2829 (Joh.
1569 2763 1654 2827 17,
1689 2763 1808 2829 21).
1882 2761 2096 2816 Hieron.
2134 2762 2191 2816 in
2228 2778 2315 2831 ep.
2353 2762 2427 2816 ad
2462 2762 2598 2833 Eph.
2634 2767 2686 2832 5,
2720 2766 2808 2817 31.

387 2852 454 2905 V.
490 2853 543 2905 4.
593 2852 897 2920 perpetua,
936 2846 1183 2900 namlich
1221 2843 1395 2925 festa,
1442 2847 1559 2917 vgl.
1599 2846 1664 2900 V.
1700 2849 1787 2900 22.
1860 2847 1918 2903 S.
1951 2848 2056 2903 No.
2095 2849 2226 2915 304,
2266 2849 2491 2903 19·-22.

384 2938 450 2993 V.
485 2938 664 2992 6—8.
711 2938 759 2991 εἰ
793 2933 901 2989 τῶν
939 2930 1111 3008 ἁγίων
1146 2938 1428 3009 παρουσία
1465 2932 1687 3004 ἀσθενῆ
1740 2932 2016 3007 δαιμόνων
2062 2944 2207 2990 ποιεῖ
2251 2936 2343 3009 τὴν
2380 2934 2575 3004 ἰσχὺν,
2622 2935 2806 3007 πολλῷ

205 3028 413 3101 μᾶλλον
450 3024 611 3082 θεοῦ.
663 3025 917 3095 chrysost.
956 3022 1011 3076 in
1048 3039 1130 3092 ps.
1166 3023 1216 3091 9,
1253 3023 1302 3076 3.
2717 3060 2730 3070 .

380 3114 449 3168 V.
485 3117 536 3167 7.
594 3104 857 3167 ooelestes
896 3110 1145 3165 excubiae
1166 3151 1179 3175 ‚
1229 3108 1365 3162 weil
1416 3108 1505 3162 die
1540 3108 1802 3180 Heiligen
1851 3109 1939 3163 die
1977 3109 2398 3164 lleerschaaren
2434 3109 2631 3166 Gottes
2667 3109 2806 3166 sind.

383 3201 445 3256 V.
481 3203 594 3255 9-
616 3201 698 3253 12.
754 3194 1044 3266 πανταχοῦ
1100 3196 1211 3253 ἴδοι
1263 3216 1345 3257 τις
1406 3193 1473 3250 ἄν
1525 3194 1619 3250 τὸν
1666 3196 2080 3270 διεφθαρμένον
2139 3196 2258 3269 βίον
2317 3194 2460 3271 πρὸς
2520 3195 2808 3268 δογμάτων

204 3291 485 3366 ἀκρίβειαν
522 3286 786 3361 ἐμπόδιον
821 3284 1111 3362 γινόμενον.
1168 3285 1420 3355 Chrysost.
1455 3283 1512 3339 in
1548 3298 1634 3352 ps.
1669 3283 1722 3351 4,
1760 3285 1810 3334 7.

382 3378 451 3432 V.
488 3379 571 3431 13.
604 3378 686 3429 14.
745 3373 1012 3445 coguatio
1046 3373 1198 3440 haee,
1235 3370 1457 3425 bezieht
1491 3371 1610 3424 sich
1646 3366 1753 3424 auf
1776 3367 1843 3423 V.
1878 3370 1927 3422 9.

387 3466 455 3518 V.
492 3465 577 3517 16.
629 3477 826 3534 pacem
861 3462 931 3515 de
969 3465 1156 3526 terra,
1197 3458 1285 3511 die
1312 3458 1520 3513 Kirche
1556 3454 1664 3512 auf
1681 3456 1885 3524 Erden,
1925 3453 2058 3509 weil
2075 3453 2334 3511 Christus
2361 3453 2551 3507 seinen
2571 3453 2808 3509 Frieden

208 3554 297 3609 als
330 3550 759 3608 Vermaohtniss
797 3549 898 3604 der
934 3547 1139 3602 Kirohe
1177 3545 1552 3601 hinterlassen
1588 3546 1706 3601 hat.
1774 3545 1901 3600 Joh.
1941 3546 2026 3612 14,
2060 3547 2146 3597 27.

987 3850 1160 3924 624.
1220 3849 1335 3919 De
1389 3836 1714 3917 omuibus
1766 3845 2045 3915 sanctis·

209 4075 491 4154 Christe,
524 4075 632 4155 qui
656 4073 863 4135 virtus
885 4078 1065 4134 sator
1096 4079 1163 4134 et
1180 4071 1458 4152 voeariS,
1564 4065 1764 4132 corde
1811 4065 2112 4129 devotam
2158 4066 2467 4130 sociando
2511 4069 2762 4129 turbam

210 4176 400 4259 eujus
446 4182 713 4238 ornatur
755 4174 1019 4256 pietate,
1068 4170 1373 4253 quidquid
1737 4176 2050 4252 personat
2094 4167 2385 4249 hymnos.

213 4276 319 4340 vel
365 4282 540 4339 statu
576 4275 782 4359 claret
818 4273 928 4337 vel
964 4273 1210 4337 honore
1238 4272 1459 4355 pollet,

387 4376 647 4458 suscipe
696 4373 939 4438 laudes,
1563 4360 1726 4426 Haeo
1779 4361 1919 4425 dies
1966 4360 2204 4425 Christi
2243 4359 2577 4441 genitricis
2624 4361 2810 4426 almae

1566 4462 1760 4527 laude
1779 4469 2074 4527 sacratur
2090 4462 2353 4544 pariter,
2371 4481 2713 4544 precamur
2731 4463 2809 4524 10

212 4564 387 4630 Eece
435 4563 766 4627 sollemnis
812 4562 939 4626 diei
983 4563 1308 4646 voluptaS,
1423 4568 1460 4625 5
1567 4565 1710 4646 ejus
1742 4567 2006 4629 obtentu
2044 4566 2314 4645 veniam,
2358 4566 2603 4647 petenti

213 4667 405 4750 plena
457 4676 822 4733 sanctorum
869 4667 1112 4731 meritis
1158 4675 1424 4747 tuorum,
1739 4664 1843 4748 da,
1889 4664 2016 4748 pie,
2063 4665 2254 4748 plebi.
