3175 5234
856 670 1034 779 8⁵47.
1101 706 1217 777 De
1270 730 1325 776 s.
1373 703 1810 779 Bernhardo.
1881 705 2199 806 hymnus.

217 927 595 997 Bernardus
641 928 874 994 doctor
916 930 1169 994 inclitus
1579 925 1753 1009 quod
1798 926 2012 992 effecit
2056 930 2122 991 in
2168 929 2419 1013 virgine

310 1032 513 1096 coelos
559 1031 937 1097 conscendit
980 1032 1202 1115 hodie,
1665 1032 1815 1096 deus
1858 1037 2103 1097 creator
2148 1037 2438 1101 omnium.
2737 1038 2820 1100 20

222 1154 414 1219 quem
460 1134 725 1197 attraxit
771 1133 1076 1199 divinitus

310 1235 604 1316 splendor
639 1239 925 1318 pater-mg
966 1236 1196 1317 glorify,
1576 1220 1752 1287 Rore
1797 1222 2125 1305 perfusum
2171 1226 2403 1307 gratiae

1664 1331 1979 1388 monstrat
2023 1324 2252 1390 dulcor
2298 1326 2538 1408 eloquii

225 1424 483 1489 Exultat
526 1424 741 1489 coelum
787 1425 1074 1491 laudibus
1432 1427 1470 1486 5
1575 1446 1699 1508 per
1744 1434 1835 1507 te,
1879 1426 2026 1491 fons
2071 1430 2437 1512 sapientiae,

310 1529 397 1593 de
441 1527 759 1595 Bernardi
806 1530 1160 1613 consortie,
1664 1532 1893 1595 summi
1933 1531 2197 1612 largitur
2233 1535 2495 1612 pra-mii.

222 1652 415 1716 quem
460 1633 802 1716 conjungis
848 1635 1246 1716 eoelestibus,

312 1737 499 1815 Jesu,
542 1742 764 1801 nostra
807 1739 1161 1819 redemptio.
1577 1713 1890 1779 Detentus
1943 1736 1982 1780 a
2029 1715 2424 1781 daemonibus
2741 1720 2821 1781 25

1668 1825 1882 1897 sanat,
1921 1822 2182 1882 morbos
2227 1818 2668 1900 languentium

223 1918 458 1988 Rufum
505 1923 701 1987 dorso
749 1944 870 2008 per
915 1924 1192 1988 catulum
1580 1927 1795 2001 curat,
1840 1922 2093 1986 confert
2138 1920 2502 1987 dolentibus

312 2024 753 2107 praefigurasti
795 2044 1067 2108 puerum
1392 2026 1472 2087 10
1664 2041 1959 2103 maantam
2000 2024 2225 2088 salutis
2267 2025 2582 2105 gaudium.

222 2129 368 2193 fore
415 2127 747 2192 doctorem
789 2128 1111 2209 sedulum,
2018 2178 2025 2185 ,

313 2233 596 2297 conditor
640 2233 804 2297 alme
845 2234 1134 2297 siderum.
1579 2210 1732 2276 Viffi
1775 2212 1938 2275 Vivit
1981 2210 2256 2275 feliciter

1666 2332 1809 2379 cum
1853 2313 2064 2378 Maria
2110 2312 2511 2393 christifera,
2742 2314 2825 2378 30

224 2420 568 2486 Nascentis
616 2421 680 2485 ei
723 2421 953 2489 claruit
1581 2435 1724 2482 cum
1768 2436 1897 2500 qua
1942 2416 2247 2503 degustat
2292 2416 2564 2481 dulciter

316 2523 494 2587 clara
540 2520 781 2586 Christi
827 2522 1163 2605 nativitas,
1666 2524 1901 2585 aeterna
1949 2518 2176 2585 Christi
2218 2537 2501 2585 munera.

224 2621 354 2685 hoc
399 2641 440 2685 a
483 2628 547 2683 te
594 2620 829 2683 donum
873 2620 1125 2702 habuit,
1395 2621 1475 2682 15
2287 2660 2301 2672 ·

314 2744 353 2789 o
397 2724 536 2803 lucc,
582 2724 769 2790 beata
817 2728 1089 2791 trinitas.
1580 2708 1852 2773 Summoe
1896 2708 2046 2773 ‘¹0⁰⁸
2085 2711 2401 2790 Ρθΐθηῑῑαῑ,

1666 2810 1781 2876 tihi
1827 2811 1911 2874 sit
1952 2809 2096 2873 laus
2141 2820 2207 2874 et
2251 2810 2491 2893 gloria,

228 2910 498 2978 Arcana
542 2932 752 2979 sacrae
796 2915 1060 2997 paginae
1585 2911 1671 2977 da
1714 2923 1864 2995 post
1907 2931 2161 2978 cursum
2206 2915 2482 2977 miseriae
2744 2914 2827 2991 ἆῤ

317 3015 608 3081 declarat
652 3027 719 3082 et
762 3019 1172 3100 mysterium,
1664 3016 1856 3109 ‘beata
1896 3017 2076 3081 nobis
2117 3019 2368 3096 yaudia.

407 3189 763 3260 Antiphouar
799 3207 868 3243 zu
905 3188 1148 3258 colmar,
1185 3191 1255 3242 14
1288 3189 1484 3245 Jahrh.
1523 3190 1650 3262 (G).
1720 3190 1818 3244 Hs.
1856 3206 1927 3244 zu
1965 3190 2280 3244 Karlsruhe
2319 3206 2371 3244 o.
2400 3189 2506 3244 No.
2543 3187 2583 3244 f.
2618 3192 2686 3244 31
2727 3191 2828 3245 des

228 3278 298 3330 14
335 3276 532 3332 Jahrh.
572 3278 718 3347 (Κ),
753 3275 956 3332 zweite
992 3275 1087 3332 11³.
1125 3275 1393 3345 daselbst,
1427 3275 1591 3331 beide
1626 3276 1729 3332 mit
1764 3277 1864 3331 der
1897 3276 2158 3357 melodie,
2198 3279 2263 3330 15
2299 3276 2493 3331 Jahrh.
2533 3277 2662 3344 (Ε).
2733 3277 2828 3333 Hs.

228 3379 303 3418 zu
338 3362 693 3420 Lichtenthal
727 3364 827 3419 mit
871 3364 973 3419 der
1009 3363 1270 3433 Melodie,
1307 3365 1376 3416 14
1408 3364 1606 3419 Jahrh.
1643 3364 1767 3434 (L).
1836 3363 1942 3418 Bei
1976 3364 2175 3418 Daniel
2208 3366 2259 3431 1,
2294 3364 2400 3418 292
2436 3362 2567 3431 (1)).

404 3485 439 3539 3
478 3485 780 3556 assumpsit
816 3486 930 3543 GK.
1029 3487 1066 3539 6
1099 3485 1390 3557 praeconio
1427 3486 1542 3543 CK.
1643 3487 1840 3541 9-16
1876 3483 2067 3540 fehlen
2103 3484 2164 3540 E.
2268 3487 2337 3538 14
2385 3483 2546 3539 clara
2580 3480 2728 3540 fehlt
2762 3486 2829 3543 G.

229 3571 302 3624 17
336 3569 388 3624 Ι(
423 3570 523 3626 hat
557 3571 680 3626 eine
718 3572 940 3628 divisio.
1015 3574 1081 3627 19
1118 3570 1294 3627 efficit
1326 3572 1387 3629 1..
1456 3575 1529 3626 27
1567 3587 1757 3628 curam
1792 3573 1856 3627 D.
1929 3575 1997 3627 31
2037 3578 2096 3628 et
2127 3574 2255 3645 jam
2292 3573 2418 3645 deg.
2455 3571 2513 3627 L.

800 3853 975 3927 848.
1043 3855 1160 3925 De
1213 3794 1268 3928 s..
1319 3851 1760 3926 Bernhardo.
1827 3852 1916 3924 ad
1967 3858 2271 3927 tertiam.'

229 4050 380 4119 Jam
425 4055 655 4136 regina
700 4053 1025 4121 discubuit
1586 4055 1792 4122 dulcis
1836 4056 1980 4140 ejus
2028 4058 2292 4123 olfactui
2608 4112 2611 4117 .

318 4154 554 4220 sedens
599 4166 750 4240 post
791 4158 1219 4241 unigenitum,
1669 4156 1859 4220 nardi
1902 4154 2267 4220 Bernhardi
2312 4157 2636 4220 sanctitas

229 4258 474 4322 nardus
520 4259 786 4325 odorem
829 4262 1050 4328 tribuit
1746 4282 1751 4287 ·

318 4356 738 4424 Bernhardus
783 4358 1048 4427 tradens
1094 4362 1406 4446 spiritum.
1585 4343 1747 4410 0¹¹¹ss
1792 4353 1969 4409 888οῒ
2011 4346 2078 4409 ῘΠ
2123 4344 2447 4427 accubitu,
2828 4438 2833 4445 ,

1670 4448 1917 4511 fructus
1963 4463 2264 4528 saporem
2310 4445 2549 4524 intulit,
2752 4446 2831 4508 10

227 4544 450 4612 Dulcis
495 4549 744 4631 reginae
788 4552 1006 4633 gustui
1441 4555 1478 4614 5
1585 4571 1729 4618 cum
1775 4558 1951 4614 esset
1992 4552 2056 4613 iu
2105 4550 2435 4630 occubitu,

318 4648 568 4717 fructus
609 4654 712 4719 sui
755 4654 1074 4736 suavitas,
1671 4652 1915 4718 nardus
1961 4653 2231 4719 odorem
2275 4654 2520 4719 obtulit.
