3175 5234
333 468 698 538 Lucernam
740 485 934 532 manu
978 460 1312 530 ardentem

338 574 643 640 invenisti
686 576 1028 637 tenentem.

203 767 264 831 8.
321 764 473 831 Jam
518 771 629 828 tua
672 758 913 845 gaudia
957 756 1251 836 intravit,

338 884 551 952 „enge
593 859 829 943 felix“‚
873 860 1068 928 hodie
1109 858 1377 942 audivit,

334 987 478 1035 eum
512 966 852 1052 pecuniam
880 982 1023 1030 eum
1051 963 1235 1028 luero
1365 961 1451 1023 35

339 1072 487 1152 tibi,
535 1089 684 1151 rex,
728 1067 1024 1133 restituit.

2677 273 2809 340 0!ss

1684 456 1872 524 Nune
1912 459 2153 526 candet
2195 459 2363 525 inter
2406 461 2541 525 lilia
2786 425 2789 426 ⁷

1687 578 1926 625 ornans
1969 561 2379 627 saeerdotum
2418 563 2699 648 agmina,

1686 665 1855 730 inter
1897 664 2154 729 numina
2197 663 2501 747 angelica
2756 732 2763 738 ,

1680 765 1919 851 jubilat
1960 764 2243 850 alleluja.
2717 767 2802 831 40

1557 963 1619 1025 9.
1686 958 1874 1025 Hune
1913 958 2100 1024 nobis
2143 957 2300 1022 siste
2345 956 2701 1038 fautorem,

1688 1071 1755 1126 te
1798 1062 2074 1145 petimus
2119 1068 2470 1146 auctorem.

251 1273 264 1302 ·.
304 1251 314 1260 “
375 1242 438 1299 In
478 1242 775 1299 ‹lerselben
810 1243 907 1298 lis.
942 1241 1029 1297 131.
1066 1244 1114 1297 7.
1151 1256 1254 1296 aus
1290 1241 1550 1314 gleieher
1584 1242 1726 1310 Zeit‚
1762 1240 1861 1295 mit
1896 1239 2003 1293 den
2042 1233 2416 1294 Musilmoten.

826 1595 1000 1670 939.
1068 1596 1188 1670 De
1235 1621 1290 1668 s,
1344 1590 1791 1678 Gebehardo.
1863 1590 2181 1690 hymnus·

202 1835 401 1903 Plebs
444 1855 670 1921 rumpe
716 1836 932 1903 cordis
975 1839 1194 1903 nubila

204 1949 274 2005 et
315 1958 482 2006 voee
528 1940 708 2006 elata
742 1940 954 2024 jubila

204 2041 274 2109 et‘
317 2046 460 2110 eole
497 2045 638 2129 jam
681 2046 961 2128 insignia

207 2146 580 2213 Gebehardi
624 2147 989 2230 sollemnia,
1189 2221 1196 2226 ‚

206 2270 398 2335 quem
440 2250 602 2315 deus
645 2254 729 2316 ab
781 2251 1052 2316 infantia
1417 2250 1454 2311 5

206 2372 325 2420 sua
367 2352 653 2439 perfudit
695 2354 944 2437 gratia,

207 2454 292 2520 de
337 2472 463 2538 qua
507 2455 695 2537 plura
738 2454 1026 2518 remedia
1131 2482 1138 2488 ·

208 2555 463 2623 confert
503 2557 636 2621 suis
679 2556 759 2620 in.
789 2556 1020 2621 mania.

207 2744 330 2811 Cui
373 2745 684 2810 fabricam
729 2743 1128 2811 Constantiae

205 2846 526 2913 revelavit
565 2845 832 2912 mirifice
1374 2849 1455 2914 10

206 2962 277 3020 et
319 2956 380 3018 in
427 2953 741 3018 columbae
787 2952 1006 3034 speeie

210 3057 513 3140 dignatus
559 3062 658 3120 est
703 3055 1050 3118 ostendere

211 3161 423 3226 locum
472 3158 613 3243 ejus
659 3157 1044 3240 sepulturae,

210 3262 320 3326 ubi
363 3262 572 3343 fulget
617 3259 997 3339 clarissime,

209 3365 391 3429 velut
434 3364 651 3445 fulgor
697 3363 1013 3445 galantiae,
1379 3362 1455 3423 15

207 3468 276 3533 in
322 3467 470 3532 loco
515 3466 660 3548 ejus
707 3465 993 3530 fabricae.

208 3655 341 3739 Tu,
387 3675 579 3721 serve
624 3657 802 3739 regis
845 3657 1110 3741 superni
1237 3647 1249 3658 ”

208 3768 278 3824 et
322 3758 636 3844 splendor
680 3759 846 3824 aulae
893 3757 1179 3844 Olympi,

206 3881 294 3926 ne
338 3861 820 3945 demergamur,
867 3864 1167 3944 subveni,

209 3985 255 4032 a
296 3966 593 4051 procella
637 3965 832 4049 hujus
873 3967 1129 4048 mundi;
1374 3969 1458 4033 20

1561 1832 1667 1914 qui
1715 1836 1909 1913 eaput
1953 1826 2303 1891 beatissimi

1557 1932 1881 2019 pontificis
1927 1929 2229 2011 Gregorii

1560 2037 1818 2119 agiliter
1863 2032 2186 2098 deduxisti

1559 2140 1992 2223 scindensque
2036 2137 2295 2202 flumina
2337 2132 2517 2200 Padi.

1558 2330 1809 2396 Praesul
1828 2377 1846 2413 ‚
1893 2344 2174 2393 summus
2218 2324 2416 2408 opilio
2720 2321 2803 2384 25

1560 2433 1643 2498 de
1690 2432 1901 2498 earnis
1943 2430 2082 2515 jam
2129 2427 2461 2511 ergastulo

1559 2548 1626 2602 te
1673 2537 1895 2601 eduxit
1939 2555 2082 2600 cum
2118 2532 2364 2618 J‘nbilo‚

1559 2652 1625 2706 te
1670 2641 2009 2720 laudamus
2054 2657 2195 2704 cum
2241 2635 2492 2714 cantico
2512 2680 2530 2715 ‚

1558 2754 1630 2810 ut
1672 2729 2034 2810 mereamur
2078 2761 2222 2808 eum
2265 2741 2444 2824 ipso,

1561 2845 1744 2929 eujus
1789 2864 2063 2927 reguum
2107 2842 2425 2928 principio
2721 2838 2807 2901 30

1541 2956 1744 3030 ‘caret
1787 2949 1957 3012 omni
2000 2947 2195 3010 exilio
2214 2991 2232 3026 ‚

1559 3068 1841 3132 regnare
1888 3048 2026 3111 sine
2072 3046 2362 3110 termino.

1559 3236 1862 3318 Athleta‚
1909 3237 1992 3300 ab
2034 3234 2240 3298 hostis
2282 3249 2503 3296 morsu

1561 3341 1840 3406 defende
1886 3355 2005 3403 nos
2049 3344 2118 3400 et
2160 3356 2198 3400 a
2244 3334 2464 3417 lapsu,

1561 3467 1645 3511 ne
1690 3463 1809 3510 nos
1852 3461 1974 3529 pro
2020 3449 2249 3506 nostro
2289 3444 2478 3502 reatu
2722 3435 2809 3498 35

1562 3550 1843 3617 deducat
1887 3565 2105 3613 seeum
2151 3563 2293 3611 cum
2335 3543 2540 3622 luctu,

1560 3652 1679 3717 sed
1724 3659 1793 3716 tu
1833 3651 1898 3714 in
1944 3649 2165 3715 mortis
2208 3645 2546 3730 procinctu

1562 3751 1841 3820 defende
1886 3753 1968 3816 ab
2015 3749 2218 3814 hostis
2264 3754 2437 3812 metu

1562 3868 1630 3924 et
1673 3875 1790 3924 nos
1837 3864 2046 3921 tecum
2088 3854 2243 3918 laeto
2287 3851 2469 3916 vultu

1563 3963 1775 4029 ‹ledue
1816 3963 1883 4026 in
1924 3960 2143 4044 polum
2187 3978 2330 4026 eum
2374 3955 2624 4040 plausu.
2722 3952 2806 4014 40

387 4168 886 4226 Salmannsweiler
932 4167 1029 4223 Hs.
1078 4185 1147 4222 zu
1194 4167 1538 4241 Heidelberg
1590 4169 1653 4237 9,
1689 4167 1779 4222 lx.
1836 4179 1937 4219 ans
1981 4163 2104 4218 dem
2154 4162 2219 4214 15
2255 4155 2453 4213 Jahrb.
2525 4153 2639 4207 Das
2674 4149 2809 4204 Lied

207 4257 377 4313 reimt
425 4256 482 4312 in
538 4256 642 4311 den
698 4253 832 4312 fiinf
877 4243 1129 4312 Vocalen
1179 4255 1278 4312 des
1332 4255 1676 4327 Alphabets,
1740 4251 1877 4326 jede
1933 4250 2181 4320 Strophe
2237 4246 2295 4300 in
2350 4242 2529 4296 einem
2581 4237 2807 4336 andern.

210 4343 435 4402 Ebenso
472 4342 577 4400 No.
615 4344 735 4398 193.

382 4467 418 4519 9
453 4466 563 4535 qui,
596 4466 694 4521 Hs.
779 4467 847 4519 10
882 4466 1183 4534 recusavit,
1218 4466 1314 4522 Hs.
1404 4467 1472 4520 17
1507 4469 1570 4521 tu
1603 4479 1725 4535 reg.
1761 4462 1935 4533 regis,
1971 4460 2065 4515 lis.
2160 4458 2227 4511 31
2270 4455 2466 4510 besser
2501 4446 2675 4507 exitio
2711 4443 2808 4504 fuir

207 4551 376 4620 exitu,
411 4551 580 4624 Ende.
649 4555 720 4609 37
755 4569 859 4626 pre
895 4553 1096 4623 cinctu,
1127 4554 1227 4614 Hs.
