3175 5234
2714 256 2808 324 06

180 431 305 499 Isti
353 429 518 497 Sion
563 432 1015 516 fundamenta,
1557 435 1684 514 Qui
1727 437 1878 501 dum
1922 436 2149 502 Romae
2196 437 2434 504 docent
2476 456 2721 524 mores,

180 537 421 617 bases,
468 543 663 619 tecta,
707 537 1083 603 fulcimenta
1556 539 1853 622 plantant
1896 537 2091 602 fidem
2141 544 2208 603 et
2250 557 2512 605 errores
2721 523 2806 606 20

276 638 552 701 archam
596 647 864 722 portant
904 640 1190 707 foederis.
1643 641 1998 707 excludunt
2043 642 2417 724 gentilium,

179 738 424 804 Petrus
467 740 714 823 primus
758 742 1157 826 principatu,
1372 746 1452 809 10
1517 743 1820 825 ‚vincunt
1863 759 2093 826 magos
2139 750 2205 807 et
2246 742 2528 808 Neronis

180 840 357 905 alter
404 840 651 906 Paulus
694 843 1082 925 magistratu
1554 862 1679 909 nec
1725 844 2083 909 abhorrent
2125 844 2452 929 passionis

270 943 596 1026 effulgent
638 965 781 1029 prae
826 949 1080 1012 ceteris.
1643 954 1709 1012 et
1752 948 1975 1011 mortis
2022 947 2423 1031 supplicium.

182 1157 268 1222 Hi
316 1164 473 1222 sunt
519 1160 746 1222 summi
790 1158 1176 1240 bellatores,
1551 1159 1735 1244 Ergo
1781 1178 1900 1225 nos
1945 1161 2009 1224 in
2058 1159 2321 1224 Ghristo
2372 1160 2568 1244 duce,
2721 1162 2804 1225 25

182 1259 397 1325 duces
442 1260 672 1342 gregis
719 1268 786 1325 et
832 1259 1172 1345 doctores,
1554 1271 1624 1327 tu
1667 1263 1734 1326 in
1783 1281 1973 1345 ense,
2018 1271 2088 1327 tu
2131 1263 2198 1326 in
2244 1281 2440 1328 cruce

266 1362 504 1428 claves
548 1363 927 1446 sanctuarii,
1367 1366 1447 1426 15
1641 1365 1879 1430 ardore
1921 1366 2217 1449 martyrii

181 1482 454 1546 cruces,
501 1466 726 1528 trabes
771 1466 1208 1549 cypressinae,
1550 1488 1675 1535 nos
1722 1470 1809 1535 ad
1854 1490 2112 1536 crucem
2156 1469 2596 1554 inflammetis,

180 1586 388 1651 saga,
431 1569 646 1651 pelles
692 1575 760 1632 et
803 1571 1101 1652 cortinae,
1550 1572 1740 1635 nobis
1781 1590 2031 1636 coenam
2073 1571 2432 1656 impetretis

268 1677 507 1735 vectes
555 1672 899 1753 evangelii.
1640 1673 1924 1738 coelestis
1969 1673 2270 1737 convivii.
2719 1673 2804 1736 30

369 1921 469 1975 Es.
535 1919 634 1974 des
687 1919 954 1975 Klosters
1005 1919 1330 1993 Engelberg
1389 1922 1447 1977 in
1495 1922 1902 1980 Unterwalden
1948 1923 1973 1978 1
2017 1925 2142 1994 4125
2205 1920 2308 1978 fol.
2368 1925 2456 1980 33.
2516 1940 2620 1979 aus
2680 1923 2804 1979 dem

185 2009 254 2062 14
288 2007 494 2064 Jahrb.
528 2007 630 2062 mit
656 2007 760 2063 der
795 2006 1056 2064 Helodie.

365 2179 402 2232 3
437 2178 733 2234 vielleicht
766 2178 964 2234 besser
998 2183 1319 2234 nascuntur.
1387 2180 1458 2234 23
1494 2177 1820 2250 passiones,
1855 2178 1953 2233 Hs.

362 2349 429 2405 V.
465 2352 497 2403 1
515 2352 644 2405 -3.
706 2347 937 2427 ἐργάται
990 2345 1045 2405 <ic
1094 2346 1394 2406 ἀπόστολοι
1404 2390 1422 2417 ,
1481 2347 1663 2406 πάντα
1727 2346 1936 2421 κόσμον
1994 2350 2138 2420 θείῳ
2185 2346 2329 2423 λόγῳ
2376 2350 2799 2426 γεωργήσαντος.

183 2436 438 2493 modion
474 2435 583 2506 co,
620 2438 673 2490 ο.
745 2437 804 2493 s.
841 2437 948 2492 No.
982 2438 1107 2506 εστ,
1140 2438 1229 2491 20.

362 2548 431 2603 V.
469 2550 520 2602 6.
573 2547 662 2605 διὸ
709 2554 800 2606 καὶ
846 2549 1017 2623 Ῥώμη
1072 2556 1363 2628 συγχαίρω
1410 2547 1753 2627 χορεύουσα,
1814 2550 1870 2605 ἐν
1898 2546 2071 2623 ᾠδαῖς
2105 2551 2196 2605 καὶ
2232 2548 2424 2621 ὕμνοις
2459 2547 2802 2626 ἑορτάσωμεν

179 2638 272 2692 καὶ
307 2630 487 2708 ἡμεῖς.
520 2635 646 2692 Jun.
681 2638 767 2691 29.

373 2747 443 2803 V.
478 2752 531 2803 7.
585 2747 961 2806 fundamenta.
1016 2750 1221 2806 Petrus
1256 2748 1387 2804 ideo
1413 2747 1827 2807 fundamentum
1855 2750 2078 2820 dicitur,
2115 2749 2247 2820 quia
2281 2752 2444 2805 novit
2478 2767 2591 2807 non
2618 2752 2803 2808 solum

181 2835 512 2906 proprium,
557 2835 656 2889 sed
687 2835 858 2891 etiam
894 2851 1182 2891 commune
1216 2850 1467 2889 servare.
1521 2837 1757 2891 Ambros.
1794 2836 1863 2892 de
1900 2836 2112 2891 incarn.
2151 2835 2297 2891 dom.
2334 2837 2385 2890 4.
2456 2841 2670 2914 Πέτρος
2705 2838 2802 2910 τῆς

181 2923 473 2994 &namtas
525 2926 768 2997 ἔρεισμα.
823 2924 1042 2995 Greyor.
1076 2923 1208 2979 Naz.
1259 2927 1403 2979 orat.
1453 2926 1504 2977 7.
1552 2938 1609 2993 p.
1655 2925 1773 2977 142.
1859 2924 2113 2994 chrysost.
2149 2923 2207 2977 in
2241 2923 2438 2979 matth.
2474 2924 2621 2982 hom.
2658 2928 2711 2994 3,
2749 2928 2801 2980 6.

186 3013 412 3086 Πέτρος
447 3012 649 3085 tiaran·
684 3012 883 3078 ἔξελθε
919 3009 1015 3066 ἀπ’
1051 3008 1204 3082 ἐμοῦ,
1242 3007 1326 3066 ὅτι
1362 3005 1499 3084 ἀνὴρ
1536 3006 1863 3083 ἁμαρτωλός
1896 3011 2006 3079 εἰμι
2027 3028 2042 3042 ·
2079 3007 2177 3063 διὰ
2213 3008 2372 3065 τοῦτο
2410 3013 2672 3084 θεμέλιος
2705 3009 2801 3084 τῆς

183 3098 474 3169 ἐκκλησίας
509 3101 709 3171 γέγονε.
757 3099 887 3156 Jnn.
922 3101 1010 3154 29.
1044 3096 1142 3170 τῆς
1176 3098 1456 3170 ἐκκλησίας
1491 3099 1546 3153 οἱ
1580 3094 1810 3167 ἀληθεῖς
1851 3094 2040 3153 στύλοι
2074 3100 2165 3151 καὶ
2200 3095 2407 3171 βάσεις.

362 3211 436 3263 V.
470 3210 521 3266 8.
571 3211 775 3267 Ennod.
822 3211 949 3268 dict.
998 3215 1033 3266 2
1081 3228 1135 3282 p.
1188 3213 1328 3267 1052
1378 3210 1460 3266 ed.
1509 3209 1789 3267 sirmond.
1837 3211 1938 3265 hat
1985 3211 2073 3266 die
2119 3210 2400 3267 treffliche
2447 3213 2802 3267 zusammen-

181 3295 465 3370 stenung:
540 3298 934 3368 apostolorum
971 3298 1288 3354 diademata
1324 3298 1531 3353 Petrus
1569 3301 1628 3351 et
1662 3295 1902 3365 Paulus,
1952 3295 2293 3351 architectus
2330 3302 2391 3352 et
2424 3303 2614 3366 petra,
2650 3297 2802 3367 lapis

187 3391 251 3442 et
286 3382 746 3457 superaedificans
768 3426 784 3456 ,
819 3383 1233 3442 fundamentum
1269 3390 1329 3441 et
1362 3380 1571 3456 opifex.

357 3497 428 3552 V.
466 3499 551 3552 10.
606 3496 637 3553 ὁ
670 3498 773 3568 μὲν
799 3496 876 3560 ὥς
905 3469 1228 3552 &nummu
1251 3493 1635 3572 προεξάρχων,
1672 3493 1703 3549 ὁ
1741 3495 1802 3549 δὲ
1840 3490 1917 3557 οἷς
1951 3491 2092 3569 ὑπὲρ
2129 3489 2259 3554 τοὺς
2287 3488 2485 3556 ἄλλους
2510 3489 2800 3555 κοπιάσας.

179 3585 312 3643 Jun-
345 3586 438 3642 29.

361 3697 433 3752 V.
473 3700 555 3752 11.
609 3696 950 3770 magistratu
985 3693 1082 3750 fiir
1115 3695 1474 3767 magisterio,
1526 3649 1627 3750 «les
1662 3694 1881 3749 Reimes
1917 3709 2172 3764 wegen.0

359 3810 428 3865 V.
469 3812 551 3866 13.
603 3810 947 3879 bellatores,
995 3808 1093 3866 fiir
1128 3809 1365 3879 milites,
1419 3811 1564 3865 nach
1612 3813 1648 3865 2
1684 3810 1921 3868 Timoth.
1956 3814 2010 3879 2,
2044 3813 2097 3865 3.
2186 3808 2311 3866 Hoc
2347 3814 2438 3864 est
2472 3824 2600 3865 esse
2636 3808 2804 3863 ‹lisci-

181 3895 380 3968 pnlum
415 3896 536 3967 dei,
582 3897 696 3953 hoc
730 3902 820 3953 est
852 3897 1085 3954 militem
1123 3895 1364 3965 Christi,
1413 3912 1577 3968 quem
1612 3896 1802 3952 nullus
1837 3897 2023 3954 hostis
2059 3900 2372 3969 expugnet,
2407 3895 2596 3951 nullus
2632 3895 2798 3966 lupus

179 3984 253 4040 de
288 3983 497 4040 castris
533 3984 859 4041 coelestibus
896 3984 1101 4056 rapiat.
1173 3985 1406 4039 [Δοίωιί.
1442 3984 1510 4040 de
1547 3989 1713 4040 mort.
1746 4000 1964 4056 perseo.
2002 3984 2086 4039 16.

360 4096 426 4151 V.
467 4099 551 4152 19.
615 4097 824 4153 Romae.
895 4095 1077 4153 Dafiir
1129 4097 1254 4152 eine
1290 4097 1473 4153 Stelle
1519 4114 1653 4155 vom
1698 4099 1842 4156 Jahr
1889 4100 1997 4154 2⁰8
2043 4098 2119 4153 im
2158 4098 2454 4152 Tertullum.
2489 4095 2614 4149 adit.
2649 4092 2799 4149 Har·

185 4186 329 4242 cion.
367 4188 420 4256 4,
456 4188 505 4241 5.
576 4186 843 4242 Romanis
898 4186 1256 4258 evangelium
1312 4192 1372 4242 et
1423 4186 1628 4244 Petrus
1683 4193 1742 4244 et
1794 4188 2005 4244 Paulus
2023 4228 2039 4256 ,
2102 4185 2375 4257 sanguine
2421 4196 2642 4253 quoque
2691 4196 2799 4236 suo

183 4271 496 4344 signatum,
531 4272 895 4344 reliquerunt.
966 4274 1114 4330 Idem
1147 4273 1206 4327 in
1238 4273 1552 4345 praescript.
1591 4276 1786 4331 haeret.
1825 4276 1911 4329 36.
1946 4274 2122 4329 habes
2145 4273 2455 4328 Romanam
2484 4266 2803 4336 ecclesiam,

183 4358 330 4413 nde
356 4357 525 4414 nobis
553 4375 776 4431 quoque
794 4365 1075 4416 mactericus
1096 4364 1292 4431 proedo
1318 4364 1392 4415 est
1416 4365 1618 4417 εεαΜα.
1674 4359 1814 4416 felix
1840 4360 2099 4427 ecclesia,
2137 4360 2227 4414 eui
2261 4362 2443 4414 totam
2479 4355 2797 4413 doctrinam

180 4444 439 4516 apostoli
487 4461 613 4501 cum
660 4447 935 4519 sangnine
984 4461 1089 4502 suo
1132 4444 1511 4518 profuderunt
1526 4487 1542 4516 ,
1599 4448 1694 4504 nbi
1742 4449 1946 4503 Petrus
1991 4445 2246 4518 passioni
2297 4444 2599 4502 dominicae
2646 4442 2798 4498 adae-

183 4536 389 4602 q'sutnr
409 4572 426 4602 ,
483 4532 584 4588 ubi
636 4533 847 4589 Paulus
901 4532 1178 4590 Johannis
1232 4531 1396 4602 (scil.
1432 4532 1742 4608 baptistoe)
1825 4533 1979 4590 exitu
2035 4538 2358 4590 coronatur.
2431 4532 2666 4590 Ambros.
2729 4527 2797 4584 de

178 4632 417 4677 sacram.
455 4620 509 4691 3,
548 4621 599 4674 1.
669 4620 873 4677 Petrus
909 4619 1207 4692 apostolus
1242 4617 1513 4674 sacerdos
1550 4616 1662 4676 fuit
1695 4621 1956 4680 ecclesiae
1988 4620 2272 4678 Romanoe.
