3175 5234
503 284 637 349 ⁸⁵2

1147 713 1365 787 1201.
1435 712 1552 784 De
1605 735 1660 783 s.
1710 708 2088 784 VincentIo
2142 718 2467 809 martyre.

515 951 949 1036 Triumphalis
992 951 1106 1016 lux
1151 949 1391 1031 illuxit,

511 1054 624 1118 lux
669 1053 1019 1138 praeclara,
1066 1072 1214 1135 quae
1257 1051 1518 1117 reduxit

599 1156 819 1220 levitae
866 1157 1274 1239 solemnium,

511 1309 735 1357 omnes
780 1310 944 1376 ergo
980 1292 1413 1378 jocundemur

512 1401 582 1459 et
625 1394 988 1458 vincentem
1034 1414 1424 1459 veneremur
1720 1393 1759 1454 5

596 1496 666 1560 in
711 1496 972 1562 Christo
1016 1496 1440 1564 vincentium.

512 1681 636 1761 Qui
680 1683 1000 1748 vincentis
1044 1683 1292 1751 habens
1334 1702 1569 1750 nomen

511 1805 598 1849 ex
643 1805 716 1850 re
759 1788 1025 1871 probat,
1072 1786 1336 1871 dignum
1380 1805 1570 1853 omen

599 1888 699 1953 sui
742 1888 885 1953 fore
932 1890 1238 1973 nominis,

509 2026 780 2093 vincens
826 2027 1033 2112 terrai,
1079 2029 1347 2095 vincens
1381 2032 1547 2097 mari
1682 2033 1763 2096 10

513 2129 824 2213 quidquid
870 2140 1094 2214 potest
1135 2133 1417 2217 irrogari

598 2252 815 2316 poenae
860 2235 970 2300 vel
1013 2236 1389 2302 formidinis.

511 2421 637 2489 Hic
679 2422 949 2507 effulget
992 2424 1077 2490 ad
1122 2428 1223 2493 bis
1270 2428 1453 2495 tincti

513 2526 694 2593 cocci
737 2527 943 2592 instar
986 2536 1055 2594 et
1088 2529 1395 2614 jacincti,

511 2629 699 2714 cujus
746 2630 946 2698 lumbi
989 2641 1137 2698 sunt
1179 2634 1517 2717 praecincti
1685 2638 1765 2707 15

599 2731 842 2817 duplici
888 2735 1230 2818 munditia3

510 2866 620 2934 hic
661 2877 975 2935 retortam
1017 2875 1284 2956 byssum
1328 2896 1572 2959 gerens

511 2991 949 3056 purpuraeque
995 2976 1275 3060 palmam
1321 2998 1624 3062 quaerens

510 3082 643 3141 stat
684 3076 997 3161 invictus,
1045 3078 1211 3146 dura
1253 3082 1475 3148 ferens

597 3196 722 3262 pro
768 3177 1031 3246 Christo
1077 3184 1413 3270 supplicia.
1678 3187 1763 3252 20

511 3371 636 3439 Hic
677 3372 892 3439 hostia
935 3374 1284 3442 medullata
1302 3426 1320 3461 ,

511 3495 765 3541 vervex
810 3480 986 3561 pelle
1029 3482 1362 3547 rubricata

596 3585 834 3661 tegens
875 3584 1381 3650 tabernaculum.

507 3711 622 3796 pio
666 3714 827 3776 serit
867 3715 935 3777 in
980 3734 1261 3782 moerore

508 3820 580 3879 et
621 3814 886 3880 vitalem
928 3817 996 3880 in
1041 3817 1282 3884 sudore
1680 3824 1766 3888 25

596 3926 894 4003 reportat
936 3921 1345 4006 manipulum.

506 4107 623 4177 Ad
666 4119 938 4178 cruenta
981 4111 1251 4179 Daciani

504 4212 618 4278 dei
663 4233 896 4280 servus
940 4215 1270 4283 inhumani

593 4318 848 4403 rapitur
887 4321 1230 4405 praetoria,

502 4470 757 4537 praeses
801 4462 1045 4523 tentum
1085 4477 1287 4545 prece
1332 4467 1571 4545 tentat,
1675 4462 1762 4529 30

505 4571 680 4620 nunc
720 4564 1011 4625 exterret
1024 4609 1042 4643 ,
1098 4581 1269 4632 nunc
1311 4570 1677 4651 praesentat

591 4656 871 4722 humana
913 4658 1195 4744 fastigia.

1864 946 2058 1013 Miles
2104 962 2423 1029 spernens
2467 892 2687 1008 mundi
2726 910 2945 1017 flore-‚⁸

1865 1050 2064 1131 dona,
2110 1066 2346 1134 preces
2391 1054 2459 1112 et
2504 1056 2806 1112 terrorem

1952 1153 2146 1218 elatae
2192 1150 2589 1235 tyrannidis,
2946 1147 2988 1208 3⁵

1867 1288 2093 1355 eculeo
2139 1286 2524 1353 admovetur
2545 1335 2563 1369 ,

1868 1410 2058 1475 quem
2097 1390 2245 1456 dum
2275 1399 2560 1473 torquet,
2604 1391 2745 1474 plus
2768 1392 2990 1470 torquetur

1957 1501 2219 1578 spretus
2264 1501 2478 1559 tumor
2525 1490 2820 1577 praesidis.
3042 1496 3043 1515 ¹

1868 1685 2162 1751 Flamma
2203 1684 2466 1767 vigens,
2514 1682 2743 1748 ardens
2782 1681 2940 1761 lectus,

1868 1790 2060 1855 lictor
2105 1787 2398 1868 caedens,
2448 1787 2550 1851 sal
2594 1786 2841 1870 injectus
2948 1777 2988 1840 ⁴⁰

1954 1897 2024 1961 in
2067 1896 2310 1962 nudata
2356 1896 2615 1961 viscera

1871 2033 2054 2099 simul
2102 2040 2386 2115 torrent,
2432 2031 2629 2096 simul
2673 2032 2892 2111 angunt,

1870 2155 1995 2203 nec
2039 2136 2350 2202 athletam
2392 2137 2618 2201 laetum
2657 2135 2907 2215 frangunt

1957 2248 2054 2305 tot
2097 2259 2435 2326 poenarum
2483 2257 2740 2323 genera.

1868 2442 2085 2511 Antro
2131 2445 2418 2511 clausum
2460 2452 2631 2510 testa
2672 2438 2879 2527 pungit,
2947 2427 2994 2492 ⁴⁵

1868 2551 2136 2615 menbra
2182 2546 2417 2613 scindit
2460 2556 2532 2612 et
2575 2542 2871 2630 disjungit,

1870 2650 1987 2716 sed
2033 2650 2361 2716 confortat
2403 2658 2473 2713 et
2518 2644 2801 2733 perungit

1955 2753 2240 2820 coelestis
2278 2752 2656 2839 jocunditas
2668 2772 2686 2833 3

1868 2891 2002 2957 illic
2045 2909 2207 2957 onus
2254 2890 2319 2954 in
2362 2890 2704 2971 honorem,

1873 3013 2089 3061 caecus
2136 3012 2366 3059 carcer
2409 2995 2477 3058 in
2522 2988 2906 3080 splendorem,
2947 2973 2990 3037 5⁰

1871 3096 2100 3162 florum
2145 3096 2376 3160 transit
2420 3095 2487 3158 in
2535 3094 2833 3159 dulcorem

1958 3205 2267 3262 testarum
2312 3197 2655 3280 asperitas.

1870 3402 2246 3469 Collocatur
2288 3404 2469 3469 molli
2513 3404 2724 3482 thoro,

1869 3523 2122 3572 sursum
2169 3505 2375 3588 spirat
2420 3514 2491 3569 et
2535 3517 2763 3571 canoro

1870 3609 2253 3691 angelorum
2296 3609 2503 3674 [retus
2550 3609 2739 3675 choro
2942 3582 2988 3647 ⁵5

1957 3710 2127 3775 coelo
2171 3708 2387 3775 reddit
2431 3711 2732 3794 spiritum.

1870 3847 2027 3911 feris
2071 3845 2227 3911 dato
2273 3854 2496 3911 custos
2541 3845 2747 3921 datur,

1870 3949 2033 4015 mari
2075 3966 2328 4014 mersus
2372 3967 2503 4014 non
2550 3947 2801 4022 celatur,

1870 4050 1991 4118 sed
2035 4051 2207 4118 hunc
2250 4050 2447 4136 digne
2492 4052 2810 4115 veneratur

1954 4154 2231 4220 mundus
2274 4155 2398 4221 sibi
2441 4152 2759 4219 redditum.
2942 4121 2991 4189 ⁶⁰

1870 4359 2265 4429 Glaruerunt
2307 4363 2397 4427 ita
2443 4362 2649 4446 dignis

1869 4463 2192 4530 elementa
2234 4471 2471 4530 cuncta
2514 4460 2732 4546 signis,

1869 4585 2076 4651 aqua,
2122 4567 2350 4651 tellus,
2395 4572 2542 4649 aet,
2586 4561 2739 4646 ignis

1955 4673 2021 4736 in
2066 4671 2212 4757 ejus
2256 4672 2545 4738 victoria.
