3175 5234
371 267 455 328 48

373 454 431 515 2.
479 449 563 514 Et
606 450 672 513 in
720 456 783 512 te
830 449 1106 512 omnium

478 550 789 617 fortitudo
834 550 1246 633 sperantium.

478 689 596 768 Qui
643 688 915 771 primum
960 686 1283 751 hominem

481 799 653 856 tuam
700 790 785 856 ad
828 791 1174 873 imaginem
1200 778 1217 795 ’

475 927 835 1006 Formasti,
883 927 945 988 ei

478 1030 642 1095 dans
687 1027 909 1093 sedem
955 1029 1291 1113 pulchram
1540 1029 1620 1090 10

474 1135 793 1219 paradisi,

480 1271 682 1350 Quam
720 1291 840 1356 per
877 1270 1200 1355 serpentis

478 1377 722 1457 antiqui
768 1373 1061 1438 fraudem

480 1478 875 1561 perdiderat.

383 1644 442 1707 3.
490 1640 632 1705 Hac
678 1640 867 1724 culpa
912 1638 1075 1703 Evae
1545 1639 1624 1699 15

481 1745 779 1829 privatus
825 1741 982 1807 sede

479 1848 783 1910 miseram
828 1844 1021 1907 miser
1065 1842 1244 1906 venit

478 1950 546 2012 in
590 1948 759 2012 hanc
796 1956 1073 2029 terram,

481 2082 595 2149 Sic
639 2085 929 2168 paradisi

481 2189 852 2251 amoenitate
1541 2185 1628 2249 20

478 2287 684 2352 hostis
731 2307 874 2352 eum
923 2290 1220 2371 antiquus

486 2390 792 2456 destituit.

379 2554 439 2614 4.
485 2548 730 2615 Circuit
773 2549 1028 2613 invidus

485 2662 553 2716 et
596 2652 827 2733 adhuc,
876 2672 1064 2734 quem
1109 2651 1427 2734 devoret,

485 2774 782 2837 quaerere
829 2754 1110 2819 anhelat.
1544 2757 1629 2819 25

484 2891 729 2959 Contra
773 2894 945 2959 hunc
991 2893 1283 2960 dominus

492 2997 853 3078 agonistam
900 2998 1153 3078 statuit,

492 3101 600 3181 qui
640 3100 903 3164 resistat
948 3101 1042 3181 ei,

381 3293 440 3355 5.
487 3288 852 3354 «Iohannem
897 3290 1276 3372 baptistam,

485 3392 672 3478 cnjus
718 3392 888 3457 diem
931 3392 1128 3457 hodie
1334 3471 1342 3485 ⁸
1549 3394 1633 3458 30

486 3494 751 3560 colimus
796 3497 1158 3576 passionis,-

487 3627 609 3703 Qui
651 3646 878 3707 regem
920 3626 1247 3691 Herodem

488 3729 809 3809 arguebat
852 3734 1124 3810 propter

487 3827 943 3894 Herodiadem.

488 3964 628 4032 Sed
666 3967 1078 4051 impiissimus
1123 3968 1473 4052 piissimum
1550 3970 1633 4032 35

487 4077 884 4141 incarcerari
921 4076 1118 4158 jussit
1162 4077 1501 4159 famulum,

490 4197 677 4259 quem
725 4180 875 4243 totis
918 4179 1140 4262 perire
1187 4181 1432 4247 nisibus

489 4283 831 4350 laborabat
871 4284 1212 4350 Herodias.

1581 451 1620 512 5
1726 452 1786 513 6.
1832 447 2086 515 Assunt
2130 450 2467 531 convivia,

1834 552 1989 617 fecit
2029 553 2330 619 Herodes
2373 575 2494 618 rex
2904 557 2983 619 40

1834 674 2084 721 coenam
2127 656 2328 720 natali
2372 674 2527 737 suo,

1829 791 2080 856 Primos
2127 790 2419 858 Galilaeae

1835 895 2195 978 principes,
2243 897 2535 961 tribunos

1831 997 1988 1062 fecit
2030 1000 2256 1063 vocari
2302 998 2386 1063 ad
2433 1017 2521 1062 se.

1833 1133 2008 1198 Inter
2054 1136 2281 1217 epulas
2899 1135 2981 1197 45

1833 1236 1989 1304 filia¹
2010 1240 2189 1301 venit
2549 1308 2563 1321 .

1835 1341 2037 1423 ipsius
2081 1339 2351 1404 moechae
2396 1338 2825 1422 Herodiadis,

1832 1470 2047 1555 Goepit
2090 1473 2312 1555 puella

1837 1575 2063 1639 ludere
2108 1576 2283 1640 bella

1835 1677 2132 1741 saltando
2170 1680 2460 1743 manibus
2492 1687 2556 1742 et
2588 1677 2985 1763 plaudendo.

1777 1915 1789 1929 .
1838 1824 2114 1931 Saltatio
2159 1866 2304 1932 haec
2346 1866 2593 1932 Herodi

1835 1971 2077 2052 placuit
2122 1980 2188 2034 et
2232 1969 2634 2034 multitudini.

1836 2107 2017 2173 Tunc
2059 2129 2179 2173 rex
2216 2108 2465 2191 juravit
2508 2108 2746 2193 puellae
2763 2155 2780 2189 ‚

1836 2212 2143 2295 quidquid
2186 2213 2491 2296 petisset,
2538 2212 2660 2277 sibi
2705 2210 2886 2292 dari;

1833 2345 1975 2410 Nec
2019 2363 2233 2428 mora,
2281 2345 2608 2410 admonita
2903 2348 2988 2409 55

1835 2456 2042 2512 matre
2089 2448 2480 2530 nequissima

1840 2558 2035 2632 rogat
2077 2552 2431 2635 pretiosum

1840 2659 2038 2735 caput
2051 2652 2095 2717 J
2097 2652 2368 2716 ohannis
2385 2649 2625 2716 Christi
2640 2654 2990 2736 praeconis.

1838 2787 1982 2851 Rex
2033 2789 2247 2852 statim
2292 2789 2357 2853 in
2405 2807 2674 2854 carcere
3165 2806 3166 2875 y

1841 2893 1998 2956 fecit
2041 2893 2361 2975 amputari
2906 2897 2994 2961 60

1842 3004 2040 3079 caput
2083 2996 2288 3060 sancti
2333 2996 2457 3059 viri

1843 3106 1911 3163 et
1953 3098 2192 3182 puellae
2238 3097 2382 3162 dari
2428 3098 2714 3162 nefariae.

1786 3336 1799 3350 .
1846 3285 2022 3352 Talis
2066 3296 2134 3352 et
2175 3294 2393 3353 tantus

1844 3399 2105 3455 sanctus
2152 3399 2217 3453 et
2261 3387 2506 3454 Christi
2553 3391 2796 3457 amicus

1841 3494 1999 3557 abiit
2037 3513 2158 3577 per
2203 3496 2627 3560 meretricem.
2911 3499 3000 3561 65

1842 3629 2010 3695 Huic
2054 3631 2184 3693 mel
2226 3630 2413 3695 silvae

1846 3753 1983 3797 ...e
2023 3751 2205 3811 esca,
2261 3742 2454 3816 potus
2499 3740 2740 3798 tantum
2790 3753 2999 3818 aqua,

1842 3836 2047 3899 vestis
2093 3843 2238 3900 erat
2281 3836 2613 3900 camelina.

1844 3972 2062 4057 Nunc,
2108 3981 2358 4057 martyr
2402 3973 2842 4057 invictissime,

1848 4077 2052 4142 amice
2099 4077 2447 4141 salvatoris
2494 4076 2730 4158 mundi,
2915 4078 3004 4142 ’10

1843 4197 1966 4243 nos
2011 4199 2210 4262 prece
2265 4188 2376 4247 tua
2422 4179 2678 4245 domino

1847 4281 1973 4346 deo
2020 4284 2418 4348 commenda.

560 4465 943 4521 Reichenauer
980 4467 1075 4522 Hs.
1130 4468 1237 4523 No.
1268 4469 1385 4521 151.
1440 4465 1546 4522 auf
1585 4467 1710 4522 dem
1747 4467 1959 4523 letzten
1994 4467 2179 4536 Blatt,
2243 4484 2350 4523 aus
2386 4468 2511 4523 dem
2549 4470 2616 4523 13
2649 4468 2850 4524 Jahrb.
2899 4470 3005 4525 mit

386 4552 493 4607 den
529 4551 732 4620 Noten‚
769 4552 1169 4609 durchlochert
1205 4553 1317 4609 und
1344 4553 1707 4626 abgerieben,
1744 4553 1920 4609 daher
1957 4554 2031 4609 ist
2061 4554 2163 4609 der
2192 4554 2429 4611 Schluss
2459 4555 2613 4610 nicht
2640 4552 2740 4610 mit
2767 4552 3004 4610 Sicher-

385 4638 506 4694 heit
539 4638 804 4694 metrisch
841 4639 1212 4695 abzutheilen.
