3175 5234
410 268 457 333 4

410 454 536 534 oui
584 458 795 539 nasci,
841 455 1038 535 mori,
1083 473 1390 537 surgere,
1765 455 1960 521 Istius
2004 455 2132 521 loci
2175 457 2550 539 praesulem,
3137 530 3138 539 χ

407 561 476 624 in
521 559 749 624 coelum
796 560 897 623 vis
945 556 1303 622 ascendere
1765 559 1832 622 in
1876 565 1990 622 tua
2032 558 2164 623 fide
2205 548 2534 645 stabilem,
3137 548 3138 629 l

409 672 479 727 et
521 671 809 728 sanctum
855 662 1051 727 mittis
1096 659 1423 744 spiritum,
1766 667 1879 723 tuo
1925 677 2245 725 conserva
2291 662 2571 746 populo,

408 785 513 830 me
558 765 754 829 sorde
799 763 1036 829 munda
1082 762 1430 828 criminum.
1766 762 2069 827 munitum
2116 765 2327 829 crucis
2371 764 2602 849 clipeo.
2886 769 3030 834 220

406 945 626 1013 Judex
673 944 850 1008 orbis
896 961 1041 1008 cum
1083 940 1372 1022 veneris,
1534 940 1660 1003 205
1763 940 2125 1009 Animabus
2170 943 2488 1027 fidelium,

405 1046 772 1112 mercedem
819 1044 979 1110 dare
1023 1042 1314 1125 famulis,
1764 1047 1891 1111 ista
1935 1046 2082 1112 luce
2129 1049 2517 1130 carentium,

406 1169 552 1215 cum
596 1150 828 1214 ovibus
872 1149 937 1213 in
982 1147 1259 1213 dextera
1276 1195 1293 1226 ,
1766 1146 1854 1212 ad
1895 1146 2150 1213 laudem
2197 1148 2288 1212 tui
2332 1156 2669 1232 perpetem

405 1270 536 1317 nou
582 1271 727 1318 cum
771 1251 982 1333 hoedis
1027 1271 1129 1316 me
1176 1252 1448 1316 colloca.
1766 1257 2079 1315 aeternam
2122 1256 2368 1334 praesta
2414 1251 2720 1334 requiem.

405 1432 661 1497 Praesta
703 1450 933 1514 pacem
978 1431 1311 1513 ecclesiae,
1764 1427 1965 1514 Agne
2011 1431 2119 1496 dei
2163 1431 2526 1513 mitissime,
2891 1433 3023 1495 225

404 1531 699 1615 regendo
745 1552 889 1596 eam
934 1539 1244 1616 protege,
1527 1533 1658 1597 210
1767 1536 1872 1618 qui
1917 1534 2221 1601 mundum
2263 1554 2510 1619 purgas
2554 1536 2857 1618 crimine,

407 1654 555 1718 quae
601 1636 751 1701 dum
793 1637 1027 1721 partim
1074 1634 1410 1717 dividitur,
1764 1638 2036 1720 exaudi,
2081 1657 2317 1721 parce,
2364 1638 2639 1723 adjuva,

404 1740 473 1803 iu
520 1737 651 1802 fine
697 1739 970 1823 simplex
1020 1738 1321 1803 creditur.
1761 1742 2073 1806 miserere
2119 1749 2187 1806 et
2231 1741 2460 1806 libera.

400 1920 715 1986 Romanae
759 1920 935 1986 sedis
983 1921 1304 1986 dominum
1761 1921 2052 2004 Christe,
2099 1922 2245 2005 lux,
2288 1922 2433 2004 via,
2480 1922 2758 2005 veritas,

402 2023 654 2105 sibique
700 2042 973 2107 gregem
1021 2024 1374 2107 subditum,
1761 2024 1870 2088 dei
1914 2024 2227 2109 splendor
2271 2034 2339 2090 et
2384 2026 2648 2090 claritas
2666 2074 2683 2109 ,
2888 2027 3021 2090 230

401 2145 565 2209 quos
621 2127 956 2192 redemisti
998 2128 1350 2211 sanguine,
1527 2128 1655 2190 215
1764 2124 1982 2214 σωτήρ
2024 2128 2213 2248 simpl
2257 2137 2324 2192 et
2369 2122 2641 2208 οὐσιῶν,

402 2229 691 2312 digneris
737 2252 996 2317 semper
1037 2253 1293 2315 regere.
1764 2224 1949 2318 ἄλφα
1992 2239 2060 2296 et
2103 2255 2157 2295 ω
2201 2228 2502 2316 ἐλέησον]

578 2414 674 2468 Hs.
724 2431 794 2468 ιιι
841 2415 1041 2483 Trier,
1087 2415 1365 2471 Dombibl.
1401 2416 1507 2470 No.
1544 2417 1631 2469 75.
1679 2415 1737 2469 F.
1783 2430 1886 2470 aus
1934 2415 2058 2470 dem
2108 2418 2176 2469 12
2210 2415 2410 2471 Jahrh.
2479 2416 2581 2470 Die
2628 2415 2724 2470 Hs.
2771 2417 3018 2487 gehorte

403 2499 810 2571 urspriinglich
864 2502 1011 2555 nach
1065 2500 1399 2556 paderborn
1454 2502 1584 2571 (A).
1682 2501 1778 2556 ns.
1832 2519 1902 2556 ιιι
1957 2502 2282 2558 Darmstadt
2342 2503 2450 2558 No.
2503 2505 2661 2556 2242.
2724 2518 2828 2558 aus
2892 2505 3019 2563 dem

405 2590 476 2641 14
510 2586 707 2643 Jahrh.
744 2587 870 2656 (Β).
942 2588 1055 2642 Das
1084 2587 1321 2643 Gedicht
1355 2588 1433 2643 ist
1466 2604 1583 2643 von
1609 2587 1842 2643 Anselm
1877 2605 1992 2644 von
2020 2588 2376 2661 Canterbury
2413 2591 2525 2646 und
2559 2590 2712 2645 steht
2737 2590 2796 2644 in
2822 2589 3020 2645 seinen

401 2672 665 2730 Werken
702 2674 787 2729 ed.
822 2673 1115 2729 Gerberon
1151 2674 1190 2743 1,
1227 2675 1330 2729 381
1370 2675 1494 2749 (C).

579 2798 692 2852 Der
726 2797 1124 2869 Herausgeber
1172 2797 1274 2852 der
1307 2797 1527 2853 Werke
1562 2799 1824 2854 Anselms
1875 2801 1974 2855 hat
2019 2797 2117 2854 fiir
2151 2799 2336 2854 dieses
2372 2798 2606 2855 Gedicht
2644 2798 2816 2853 theiis
2852 2800 3016 2853 einen

400 2884 860 2957 mungelhaften,
925 2885 1093 2941 theils
1142 2884 1305 2940 einen
1363 2885 1723 2957 unrichtigen
1763 2887 1905 2943 Text
1951 2884 2245 2958 geliefert‚
2309 2885 2561 2941 obschon
2604 2901 2669 2940 er
2706 2885 3017 2942 denselben

402 2972 550 3027 nach
598 2972 791 3028 seinen
839 2972 1041 3028 beiden
1087 2970 1521 3028 Handschriften
1573 2973 1912 3028 verbessern
1959 2973 2187 3028 konnte.
2270 2972 2331 3027 ln
2376 2973 2479 3028 der
2525 2973 2620 3028 Hs.
2669 2974 2714 3029 B
2763 2974 2864 3030 hat
2913 2975 3018 3030 das

400 3058 634 3114 Gedicht
675 3058 803 3113 eine
841 3058 1036 3114 starke
1065 3058 1554 3131 Ueberarbeitung
1590 3057 1877 3127 erfahren,
1915 3060 2007 3114 die
2043 3061 2186 3115 nach
2221 3059 2327 3115 den
2358 3059 2570 3113 Namen
2606 3059 2711 3115 der
2746 3062 3016 3134 Heiligen

399 3168 471 3205 ιιι
507 3150 826 3206 schliessen
865 3152 921 3205 in
962 3151 1109 3208 Kdln
1150 3152 1291 3206 oder
1325 3167 1416 3206 am
1451 3151 1820 3207 Niederrhein
1857 3153 2119 3222 gemacht
2156 3152 2368 3207 wurde.

575 3277 606 3327 1
646 3272 929 3331 humilium
968 3274 1034 3328 B.
1116 3276 1152 3328 2
1188 3273 1533 3329 credentium
1571 3273 1635 3327 Β.
1716 3276 1753 3328 3
1789 3269 1986 3327 famuli
2022 3274 2083 3327 Β.
2166 3275 2203 3326 -t
2238 3271 2333 3343 qui
2370 3272 2509 3327 cinis
2545 3288 2664 3328 sum
2707 3279 2766 3328 et
2801 3271 3015 3340 nichili,

397 3377 514 3417 von
551 3362 795 3417 auderet
829 3364 991 3418 Hand
1026 3360 1135 3418 auf
1162 3362 1286 3417 eine
1320 3362 1536 3417 radirte
1573 3361 1758 3416 Stelle
1794 3360 2203 3431 geschrieben3
2239 3360 2493 3415 daneben
2532 3362 2684 3417 steht
2721 3360 2863 3415 aber
2900 3376 3017 3416 von

397 3452 602 3508 dritter
637 3451 798 3507 Hand
834 3452 936 3505 der
971 3452 1117 3506 Vers
1163 3450 1276 3503 wie
1323 3450 1379 3502 in
1430 3449 1659 3519 obigem
1695 3449 1886 3503 Texte.
1973 3452 2037 3502 11
2077 3456 2351 3505 secretum
2387 3450 2447 3506 C.
2539 3453 2607 3503 17
2646 3466 2681 3504 o
2721 3446 2816 3503 fiir
2853 3452 2918 3502 tu
2953 3448 3016 3501 B.

397 3536 471 3588 28
508 3535 688 3589 adhuc
725 3539 777 3591 d.
816 3537 875 3591 G.
947 3540 1018 3590 32
1055 3535 1245 3591 subito
1282 3536 1344 3590 Β.
1418 3537 1488 3589 34
1525 3535 1674 3605 quod
1711 3536 1771 3591 B.
1842 3538 1914 3590 40
1951 3536 2114 3607 lapso
2152 3538 2426 3591 cervicem
2471 3537 2583 3591 und
2620 3552 2734 3591 von
2772 3535 3017 3590 anderer

398 3621 559 3675 Hand
596 3620 775 3691 lapsis
811 3622 1050 3677 salutem
1087 3637 1293 3692 repara
1329 3623 1389 3676 B.
1441 3625 1508 3675 41
1547 3622 1766 3692 potenti
1802 3624 1862 3680 C.
1914 3625 1985 3676 45
2022 3620 2140 3678 fllia
2173 3625 2232 3679 G.
2286 3625 2356 3677 47
2393 3628 2455 3679 ut
2471 3622 2668 3679 matris
2691 3654 2754 3664 —
2775 3619 2929 3677 filius
2949 3624 3016 3678 Β.

396 3711 469 3764 48
518 3710 669 3781 quod
713 3726 893 3781 posco
936 3713 1083 3785 juva
1137 3710 1303 3767 citius
1358 3712 1419 3767 Β.
1511 3714 1579 3765 51
1620 3717 1848 3767 contere
1883 3714 1944 3767 Β.
2029 3716 2097 3767 52
2135 3719 2446 3768 noceantur
2482 3728 2535 3766 v.
2570 3714 2654 3779 A,
2709 3715 2917 3766 noceat
2952 3710 3017 3767 C.

397 3797 560 3853 Nach
595 3799 665 3851 56
702 3799 853 3853 steht
889 3815 1004 3854 von
1038 3800 1319 3871 jiingerer
1356 3798 1518 3853 Hand
1554 3799 1611 3852 in
1645 3800 1690 3853 B
1729 3797 2000 3871 folgende
2036 3800 2181 3855 Str.:

542 3886 627 3940 'l'u
664 3891 858 3941 sancte
894 3903 1115 3958 quoque
1151 3886 1378 3957 angele,
1901 3888 2119 3944 custodi
2157 3894 2310 3943 tuum
2345 3886 2636 3957 famulum,

537 3989 679 4028 meae
717 3973 882 4029 datus
920 3974 1190 4029 custodiae
1210 4015 1224 4043 ,
1898 3974 2136 4029 reddens
2173 3974 2282 4029 deo
2327 3973 2660 4044 depositum.

397 4062 609 4117 65-68
645 4061 772 4117 sind
808 4062 865 4117 in
903 4062 947 4116 B
985 4061 1169 4117 radirt
1203 4063 1316 4118 und
1349 4080 1418 4119 so
1454 4079 1570 4118 von
1607 4062 1846 4118 anderer
1881 4062 2042 4117 Hand
2080 4061 2552 4116 iiberschrieben:

535 4149 887 4205 Patriarchae
925 4155 984 4206 et
1017 4150 1343 4221 prophetae,
1894 4150 1990 4221 qui
2026 4148 2310 4206 Christum
2344 4154 2536 4203 natum
2572 4146 2796 4218 virgine

537 4236 764 4293 vincula
802 4253 927 4293 mea
963 4237 1204 4305 solvite,
1898 4236 2306 4307 pronuntiastis
2350 4232 2588 4290 flamine.

396 4325 469 4379 68
499 4321 677 4377 verbo
706 4324 768 4392 C,
804 4326 1014 4381 solvite
1051 4325 1129 4380 ist
1164 4323 1500 4391 undeutlich,
1536 4323 1640 4378 der
1667 4323 1804 4378 Sinn
1833 4321 2059 4378 fordert
2087 4323 2311 4378 tradite.
2367 4325 2437 4376 72
2461 4322 2682 4393 lepram
2711 4336 2921 4375 sanare
2951 4320 3019 4375 Β.

397 4412 468 4464 76
513 4411 724 4482 juvare
774 4413 1032 4483 gratuito
1082 4413 1145 4468 B.
1245 4413 1315 4465 ‘19
1350 4410 1597 4482 primus,
1659 4410 1783 4465 scil.
1820 4412 1916 4482 qui
1951 4410 2161 4481 primns
2201 4427 2276 4464 οε.
2348 4411 2463 4464 Der
2498 4409 2820 4464 Nominativ
2868 4408 3023 4462 nach

396 4497 522 4552 dem
557 4497 801 4553 Vocativ
847 4498 923 4554 ist
958 4499 1015 4553 in
1051 4500 1157 4554 den
1193 4496 1585 4570 griechischen
1623 4496 1860 4551 Liedern
1897 4494 2106 4568 hfiufig.
2189 4498 2257 4551 81
2297 4497 2354 4550 in
2391 4502 2449 4551 te
2488 4497 2550 4550 B.
2627 4495 2697 4550 89
2735 4494 2913 4551 reatis
2950 4496 3022 4551 A.

393 4586 466 4639 90
491 4585 565 4640 ad
582 4582 677 4640 fiir
695 4584 768 4640 ab
788 4587 849 4643 C.
897 4588 965 4640 92
994 4601 1118 4640 voc.
1146 4586 1403 4659 Barjona
1429 4584 1542 4641 Ac.
1599 4585 1668 4637 95
1696 4585 1821 4638 dum
1851 4590 2028 4640 totum
2055 4584 2310 4639 mundum
2340 4584 2453 4641 Ac.
2513 4584 2617 4637 110
2646 4599 2757 4654 pro
2776 4581 3019 4639 Christo

387 4671 541 4746 jussi
592 4673 811 4729 conteri
848 4673 915 4735 Β.
1027 4676 1126 4726 111
1178 4672 1450 4745 praesidia
1498 4671 1558 4725 B.
1668 4673 1770 4725 112
1806 4671 1902 4742 qni
1935 4671 2128 4742 petitis
2156 4671 2376 4744 judicia
2414 4673 2475 4725 Β.
2588 4672 2693 4725 113
2731 4675 2790 4726 et
2825 4685 2915 4740 pr.
2954 4669 3022 4725 C.
