3175 5234
242 461 525 527 Herodis
570 467 642 524 ut
684 478 811 524 non
863 460 981 525 fiat
1024 461 1271 544 socius,

242 565 529 649 quisquis
575 566 641 629 in
683 565 912 628 horum
955 563 1149 628 laude

245 689 318 733 se
367 676 630 734 exercet
665 686 980 751 propere,

2653 277 2740 340 37

1491 465 1549 525 7.
1598 459 1737 526 Sed
1781 462 2178 526 aeternaliter
2656 463 2738 524 35

1595 584 1738 630 cum
1785 565 2028 629 eisdem
2079 565 2360 630 catervis

1592 675 1804 733 tecum
1850 670 1962 751 sit,
2009 668 2281 733 domine.

312 866 408 921 Hs.
447 883 519 920 zu
555 866 836 935 Bamberg
882 866 980 921 Ed.
1019 868 1107 936 ΠΙ,
1143 868 1192 921 6.
1242 868 1341 924 des
1395 873 1460 923 12
1494 869 1693 925 Jahrb.
1748 873 1878 939 (Α).
1950 870 2046 925 Hs.
2093 888 2158 924 zu
2211 871 2589 941 Kreuzlingen
2643 872 2736 926 bei

146 957 427 1010 Konstanz
464 955 562 1010 des
600 957 670 1010 14
702 954 897 1010 Jahrb.
932 954 1044 1011 mit
1078 956 1176 1010 der
1201 956 1441 1012 Melodie
1481 958 1609 1027 (Β).
1683 958 1777 1014 Hs.
1817 975 1887 1011 zu
1912 956 1969 1012 S.
1997 957 2139 1011 Paul
2177 956 2232 1011 in
2265 957 2516 1011 Kiirnten
2554 957 2738 1011 No.48

145 1042 236 1096 des
274 1044 342 1096 14
375 1041 573 1097 Jahrb.
611 1040 735 1111 (Ο).
807 1041 902 1097 Ha.
940 1058 1012 1097 zu
1038 1043 1308 1099 Dliinchen
1346 1044 1479 1099 Glm.
1518 1044 1625 1099 No.
1667 1046 1856 1111 14,845
1894 1044 1992 1098 des
2036 1046 2100 1097 12
2135 1044 2328 1099 Jahru
2365 1041 2466 1099 fol.
2502 1046 2569 1096 21
2608 1043 2740 1112 (D).

146 1129 239 1184 Bei
270 1128 471 1183 Daniel
503 1132 557 1195 2,
594 1128 628 1181 8
665 1128 791 1200 (E).
862 1127 965 1183 Hs.
1008 1146 1122 1183 von
1159 1129 1218 1184 S.
1262 1130 1431 1184 Peter
1468 1146 1538 1183 zu
1574 1130 1890 1185 Karlsruhe
1927 1130 2028 1184 No.
2059 1132 2126 1183 16
2162 1130 2261 1185 des
2302 1129 2603 1186 14‘Jahrh.
2639 1130 2741 1186 mit

145 1216 241 1270 der
273 1215 518 1271 Melodie
557 1214 678 1284 (F).
749 1215 851 1269 Bei
887 1216 1063 1287 Gropp
1098 1217 1291 1287 script.
1328 1216 1581 1271 Wirceb.
1617 1220 1669 1286 2,
1707 1219 1812 1271 890
1847 1217 1972 1288 (G).

316 1359 344 1409 1
382 1354 463 1411 ist
499 1374 591 1411 um
625 1360 659 1410 2
697 1357 912 1428 Sylben
950 1376 1020 1413 zu
1054 1358 1210 1413 kurz.
1279 1363 1314 1412 2
1351 1359 1546 1429 optimi
1570 1357 1732 1425 AEG,
1769 1358 1977 1429 optime
2015 1359 2149 1412 deus
2180 1375 2230 1411 n.
2268 1356 2331 1424 D,
2366 1356 2517 1411 diese
2537 1358 2742 1412 Wort-

149 1444 387 1516 stellung
423 1445 580 1516 zeigt
615 1461 705 1513 an,
740 1461 955 1500 warum
993 1446 1081 1500 die
1108 1447 1308 1501 Lesart
1344 1446 1551 1516 optime
1592 1445 1788 1500 besser
1822 1446 1910 1499 ist.
1963 1446 1998 1497 4
2026 1444 2276 1517 jubilant
2312 1443 2372 1498 G.
2429 1446 2462 1496 5
2491 1460 2659 1514 super
2677 1445 2741 1498 D.

147 1535 211 1585 17
258 1532 350 1602 qui
386 1531 605 1600 BDFG,
668 1538 798 1587 tuas
849 1533 909 1588 F.
1014 1535 1087 1586 20
1120 1537 1263 1588 nost.
1303 1549 1356 1603 p.
1393 1531 1650 1587 EADFG.

1756 1533 1828 1585 22
1866 1536 1924 1585 et
1958 1530 2166 1586 EBDG.
2272 1532 2342 1584 23
2381 1530 2642 1585 vinxeras
2679 1529 2740 1597 Ο,

146 1618 300 1674 istinc
332 1619 447 1674 BF.
515 1622 586 1673 27
623 1620 768 1675 ohne
804 1621 1015 1676 Absatz
1050 1621 1106 1674 in
1142 1620 1251 1688 ΕΙ),
1289 1624 1476 1675 terrea
1510 1619 1672 1676 EAG.
1753 1621 1822 1673 32
1857 1619 2115 1673 Herodes
2154 1620 2218 1674 B.

307 1754 371 1808 V.
438 1757 488 1808 ’7.
570 1756 795 1827 agmina
855 1753 1161 1811 infantium.
1267 1754 1509 1831 Χριστὸς
1571 1760 1772 1825 νηπίων
1836 1752 2051 1826 δήμους
2119 1748 2372 1822 ἀπέδειξε
2433 1753 2735 1831 μάρτυρας.

153 1841 377 1898 Triodion
426 1842 512 1911 1),
559 1843 607 1896 6.

557 2194 730 2266 647.
796 2192 883 2262 In
933 2201 1233 2288 utroque
1277 2190 1458 2262 festo
1510 2217 1565 2262 s.
1621 2187 1884 2262 Johan.
1941 2188 2279 2290 baptistae.

150 2444 306 2513 Almi
351 2446 699 2531 prophetae
742 2450 1098 2530 progenies
1144 2449 1271 2531 pia,

152 2551 346 2615 clarus
389 2557 667 2635 parente
714 2558 781 2615 et
822 2552 1099 2616 nobilior
1147 2558 1356 2635 patre,

152 2674 323 2735 quem
346 2655 575 2719 matris
612 2654 796 2718 alvus
835 2653 1139 2718 claudere
1163 2655 1385 2719 nescia

154 2756 317 2821 ortus
359 2756 585 2822 herilis
631 2756 915 2840 prodidit
956 2757 1250 2838 indicem,

157 2942 300 3009 Cum
340 2944 681 3026 virginalis
724 2944 911 3024 regia
954 2943 1230 3025 gloriam
1343 2950 1381 3009 5

158 3048 364 3110 summi
405 3047 720 3127 tonantiS,
767 3046 1023 3109 nomine
1068 3048 1384 3131 pignoris,

157 3158 445 3233 gestaret,
494 3148 643 3214 aula
686 3149 946 3231 nobilis,
991 3150 1211 3214 intimo

159 3252 420 3318 claustro
465 3253 733 3337 pudoris
778 3253 1006 3318 fertilis
1052 3254 1326 3336 integro.

38 3474 39 3479 κ
157 3439 292 3505 Vox
333 3444 665 3508 suscitavit
707 3444 904 3506 missa
946 3463 1294 3528 puerperae

156 3544 424 3629 fovitque
468 3546 637 3610 vatis
682 3545 921 3627 gaudia
962 3546 1236 3639 parvuli,
1297 3547 1378 3609 10

157 3657 375 3713 matres
451 3649 848 3733 prophetant
930 3669 1195 3714 munere
1277 3650 1378 3732 pi-

794 3771 1085 3835 gnorum,

160 3862 348 3919 mutus
389 3856 642 3921 locutus
685 3856 940 3919 nomine
987 3855 1101 3919 filii
1147 3863 1263 3920 est.

162 4034 539 4108 Scribendus
567 4044 671 4108 hic
699 4051 815 4126 est,
843 4045 1026 4108 vocis
1051 4051 1120 4107 ut
1141 4052 1380 4126 augeat

162 4152 382 4209 nostrae
425 4164 719 4227 canoreS,
778 4145 1066 4227 duraque
1118 4147 1378 4211 vincula

162 4242 454 4314 dissolvat
479 4251 612 4314 oris
641 4251 828 4333 larga
856 4251 1255 4335 propheticis
1300 4251 1378 4312 15

162 4350 484 4415 verborum
518 4352 789 4419 habenis
832 4352 1046 4417 littera
1091 4351 1378 4416 nominis,

164 4530 293 4602 Vox
328 4559 598 4624 namque
632 4542 837 4625 verbi,
881 4561 1010 4607 vox
1039 4544 1374 4627 sapientiae

886 4653 1003 4729 est,

1489 2449 1699 2532 major
1765 2445 2116 2533 ‘prophetis
2203 2456 2269 2510 et
2347 2448 2552 2512 minor
2620 2471 2735 2514 an-

2255 2552 2440 2635 gelis,

1490 2653 1601 2736 qui
1644 2650 2044 2736 praeparavit
2088 2650 2287 2714 corda
2331 2650 2616 2716 fidelium

1489 2756 1847 2836 stravitque
1894 2761 2107 2818 rectas
2147 2753 2417 2837 justitiae
2460 2754 2620 2819 viaS.
2652 2755 2734 2818 20

1487 2977 1805 3043 Assertor
1851 2976 2021 3058 aequi
2065 2994 2194 3038 non
2240 2992 2367 3057 ope
2412 2971 2598 3055 regia

1488 3099 1614 3145 nec
1695 3087 1901 3144 morte
1981 3078 2144 3143 dura
2229 3080 2521 3160 linquere
2596 3085 2730 3142 tra-

2223 3182 2438 3244 mitem

1486 3284 1629 3348 veri
1676 3290 1960 3363 coactus,
2009 3299 2179 3365 „non
2215 3282 2386 3361 licet,
2434 3283 2540 3363 ait,
2586 3283 2703 3346 tibi

1484 3405 1754 3452 uxorem
1784 3386 2027 3452 habere
2062 3385 2281 3448 fratris
2309 3378 2729 3456 adulteramf‘⁴

1484 3605 1652 3671 Hinc
1679 3607 1777 3669 ira
1804 3607 1984 3688 regis
2013 3623 2322 3687 saevaque
2355 3604 2599 3683 funera,
2646 3604 2730 3666 25

1485 3709 1842 3774 saltationis
1888 3728 2152 3773 munere
2198 3707 2482 3789 vendita,

1484 3830 1742 3876 mensas
1788 3812 2048 3893 tyranni
2094 3819 2161 3875 et
2204 3810 2475 3891 virginis
2513 3809 2729 3872 ebrius

1486 3916 1678 3982 luxus
1723 3915 2002 3999 replevit
2047 3914 2361 3996 sanguine
2407 3911 2643 3976 sobrio.

1480 4128 1644 4194 Haec
1688 4129 1957 4194 vitricus
2006 4128 2117 4192 dat
2164 4127 2334 4190 dona
2377 4124 2700 4206 vesanior,

1486 4252 1676 4316 quam
1703 4233 1759 4296 si
1787 4232 2022 4297 veneni
2039 4229 2278 4315 pocula
2308 4227 2614 4310 traderet,
2647 4228 2730 4289 30

1482 4354 1730 4417 negare
1786 4340 2090 4417 praestat,
2165 4349 2355 4413 quam
2414 4330 2576 4394 dare
2632 4330 2731 4393 vi-

2191 4436 2418 4500 tricum
2434 4484 2451 4514 ,

1486 4544 1700 4609 odisse
1729 4548 2031 4627 praestat,
2074 4541 2222 4627 plus
2267 4545 2461 4604 nocet
2504 4537 2731 4601 horum

2207 4661 2404 4711 amor.
