3175 5234
517 282 657 353 ⁸34

530 474 732 539 vincit
775 470 894 538 sua
937 468 1292 551 cantilenA,

532 598 722 662 quam
769 583 1114 660 sequentes
1161 574 1631 655 condecenter,
1744 582 1749 587 ’

527 678 877 763 diligenter
922 683 990 741 et
1035 674 1342 742 ardenter

617 784 921 850 dilectum
972 780 1443 866 amplectimini.

528 990 751 1056 Dulcis
795 1007 1091 1074 sponsus,
1138 988 1248 1070 qui
1291 1004 1412 1051 vos
1449 994 1642 1067 amat,
1690 986 1774 1050 85

532 1096 627 1159 sic
671 1093 755 1158 ad
797 1111 921 1156 vos
968 1092 1051 1156 de
1098 1078 1346 1156 throno*
1375 1090 1649 1155 clamat:

535 1212 618 1280 „o
665 1193 923 1259 dilectae
970 1192 1386 1273 consodaleS,

533 1314 796 1381 sponsae
840 1314 1003 1359 meae
1050 1293 1409 1378 speciales,

533 1420 636 1465 me
680 1398 923 1480 videte,
972 1417 1073 1462 me
1117 1398 1390 1476 habete,

533 1511 769 1567 memet
811 1503 1018 1585 ipsum
1067 1498 1428 1583 possidete,

623 1604 891 1685 sentite,
936 1623 1037 1667 me
1082 1603 1397 1667 fruemini.

1702 1501 1784 1564 90

531 1808 661 1873 Per
705 1828 806 1872 me
851 1809 1058 1892 ipsum
1103 1827 1225 1872 vos
1265 1808 1626 1893 amplector

534 1921 601 1977 et
643 1912 979 1978 vobiscum
1024 1911 1469 1995 condelector,
1561 1964 1566 1969 .

533 2033 575 2080 o
619 2016 962 2097 victriceS,
1008 2034 1048 2080 o
1094 2016 1352 2098 feliceS,

532 2139 696 2184 meae
744 2138 917 2185 carae
964 2119 1356 2203 dilectrices,

534 2231 788 2306 gratam
834 2222 1022 2286 vobis
1068 2223 1276 2287 vicem
1316 2241 1478 2306 gero
1496 2272 1515 2306 ,

532 2332 755 2389 vester
799 2341 928 2407 ego
974 2344 1115 2390 sum
1161 2332 1227 2389 et
1271 2344 1386 2390 ero

618 2449 722 2493 me
767 2447 1077 2513 sponsum
1121 2426 1555 2494 osculamini“.

1701 2124 1782 2186 95

531 2637 646 2705 Ad
689 2639 858 2706 hanc
901 2658 1157 2722 vocem,
1204 2659 1243 2706 o
1290 2641 1593 2726 athletae,

533 2742 720 2806 laetas
767 2759 958 2804 aures
1004 2741 1333 2823 adhibete,

534 2844 688 2927 quid
731 2842 1061 2924 decantet,
1105 2845 1473 2930 peraudite,

529 2952 601 3011 et
642 2954 794 3030 post
834 2946 1049 3012 mitem
1097 2966 1333 3030 agnum
1378 2951 1467 3016 ite

531 3052 720 3117 novis
765 3051 948 3115 stolis
993 3051 1350 3137 decoratae,

532 3163 683 3241 post
729 3154 1035 3222 dilectum
1080 3160 1407 3224 ambulate

620 3266 929 3325 canentes
975 3276 1120 3326 cum
1164 3262 1481 3345 tripudio:
1744 3270 1783 3329 5

1660 2747 1784 2811 100

533 3447 702 3532 „Eja
744 3450 938 3515 modo
975 3451 1365 3537 jubilemus,

528 3552 787 3618 laudem
834 3553 960 3619 deo
1009 3555 1452 3641 decantemuS,

531 3657 636 3737 qui
684 3678 724 3720 a
765 3658 1003 3722 mundo
1048 3679 1166 3723 nos
1212 3664 1496 3743 protexit

530 3765 598 3821 et
642 3776 682 3820 a
726 3757 963 3821 mundo
1008 3777 1129 3823 nos
1173 3764 1566 3845 transvexit,

527 3874 649 3922 nos
695 3857 777 3921 de
824 3858 1017 3922 terris
1063 3858 1403 3941 adjuvavit

529 3968 595 4026 et
638 3960 702 4024 in
749 3960 930 4026 coelis
976 3963 1348 4045 coronavit,

615 4083 735 4129 nos
779 4064 1053 4149 implens
1099 4065 1267 4129 omni
1306 4066 1563 4149 gaudio.

1694 3868 1775 3930 10

525 4253 905 4320 Exultemus
951 4260 1017 4317 et
1061 4254 1359 4319 laetemur

526 4366 593 4420 et
638 4375 779 4421 cum
818 4373 989 4437 agno
1025 4355 1488 4441 jocundemur,

526 4456 947 4541 delectemur,
997 4461 1362 4544 epulemur,

524 4575 697 4623 novo
743 4568 935 4623 cantu
979 4560 1413 4641 modulemur,

520 4660 629 4723 hic
673 4667 774 4723 est
817 4681 1018 4725 annus
1055 4663 1398 4748 jubilaeuS,

1692 4465 1772 4527 15

1884 486 1928 534 o
1973 488 2163 553 quam
2207 468 2414 535 dulcis
2460 490 2569 553 es,
2612 488 2652 535 o
2686 459 2866 553 deus,

1972 580 2123 657 post
2169 578 2235 637 te
2281 571 2589 637 ardenter
2632 574 2913 639 cun-imus.

1886 776 2285 845 Aestuantes
2330 801 2473 865 prae
2521 800 2735 848 amore
2967 783 3008 844 20

1885 900 2005 947 nos
2051 901 2421 969 consperge
2470 884 2643 952 dulci
2685 905 2846 968 rore,

1887 1002 2128 1069 sponse
2171 994 2395 1051 noster
2437 987 2807 1072 perdilecto,

1887 1086 2072 1152 trahe
2118 1105 2238 1152 nos
2283 1096 2434 1172 post
2479 1097 2547 1153 te
2595 1090 2843 1170 directe,

1886 1199 1951 1255 te
1997 1190 2270 1272 sitimuS,
2317 1201 2382 1256 te
2427 1194 2761 1275 sentimuS,

1885 1294 1949 1357 in
1996 1312 2110 1358 cor
2156 1301 2332 1359 tuum
2377 1314 2603 1361 omnes
2645 1298 2819 1379 imus,
2961 1294 3003 1355 2⁵

1975 1394 2057 1459 de
2101 1395 2273 1459 vena
2317 1398 2475 1462 vitae
2521 1398 2796 1463 bibimus.

1886 1598 1961 1666 ln
2007 1605 2071 1662 te
2118 1617 2342 1663 omnes
2389 1616 2859 1681 commoramur,

1888 1709 1954 1765 te
1997 1703 2064 1765 in
2109 1704 2295 1767 nobis
2341 1705 2803 1788 amplexamur,

1886 1807 2132 1872 vultum
2177 1816 2352 1873 tuum
2396 1811 2890 1895 contemplamur,

1889 1929 2078 1991 quem
2124 1919 2416 1996 amantes
2462 1913 2881 1978 inflammamur
2956 1904 2995 1967 ³⁰

1887 2021 1955 2077 et
2001 2031 2130 2078 non
2175 2014 2332 2078 satis
2379 2014 2786 2095 admiramur,

1889 2135 2017 2200 quo
2063 2134 2193 2181 non
2237 2119 2398 2182 satis
2446 2121 2767 2198 satiamur,

1975 2219 2239 2286 excedis
2285 2223 2457 2286 enim
2506 2225 2725 2287 omnia.

1894 2422 2054 2489 Cum
2095 2425 2206 2491 tua
2248 2436 2460 2492 matre
2510 2428 2738 2508 Maria,

1893 2546 2039 2610 quae
2082 2547 2202 2593 nos
2248 2532 2446 2614 praeit
2490 2532 2613 2598 hac
2655 2532 2715 2595 in
2755 2530 2861 2607 via,
2951 2518 2995 2581 35

1890 2638 2114 2696 nostro
2160 2629 2388 2697 damus
2436 2633 2763 2715 salvatori,

1888 2753 2011 2819 pro
2060 2753 2188 2819 quo
2231 2736 2351 2802 fuit
2396 2737 2588 2803 dulce
2628 2735 2803 2814 mori,

1891 2840 2000 2921 qui
2035 2839 2296 2922 juvisti,
2345 2843 2457 2922 qui
2501 2841 2730 2921 vicisti,

1890 2943 1998 3025 qui
2050 2942 2132 3007 ad
2179 2952 2244 3007 te
2290 2961 2412 3008 nos
2458 2940 2830 3030 pertraxisti,

1974 3047 2060 3112 sit
2103 3048 2217 3112 tibi
2261 3047 2405 3112 laus
2460 3058 2527 3113 et
2569 3037 2811 3131 gloria.“
2949 3027 2992 3090 4⁰

1889 3234 1943 3300 Ο
1988 3237 2276 3319 insignes
2320 3256 2583 3322 sponsae
2626 3237 2752 3318 dei,

1886 3349 2275 3405 mementote
2321 3360 2548 3424 quaeso
2593 3341 2735 3419 mei,

1885 3462 2017 3508 non
2063 3444 2147 3508 sit
2186 3445 2377 3510 vobis
2422 3445 2551 3511 hoc
2591 3442 2870 3523 indignum

1886 3551 2290 3633 paupertatis
2335 3570 2503 3617 meae
2546 3551 2797 3632 signum,

1885 3655 1969 3719 sit
2012 3654 2140 3720 hoc
2183 3657 2374 3720 vobis
2419 3662 2673 3722 carmen
2712 3659 2903 3718 carum,
2940 3626 2985 3691 υ

1885 3758 2177 3839 quamvis
2220 3779 2498 3842 parvum
2544 3753 2801 3841 quamvis
2835 3748 2984 3827 pm*

1971 3860 2177 3925 offero
2220 3879 2385 3927 cum.
2407 3863 2647 3928 laetitia.

1883 4048 1937 4114 Ο
1981 4051 2325 4135 praeclarae
2368 4068 2491 4116 vos
2533 4045 2770 4134 puellae,

1881 4173 2053 4220 nunc
2092 4154 2359 4238 impleta
2400 4172 2606 4219 meum
2646 4146 2822 4222 velle,

1883 4257 2033 4322 dum
2076 4278 2179 4321 me
2222 4245 2445 4338 mortis
2489 4261 2671 4338 urget
2707 4251 2849 4323 hora,
2937 4223 2981 4290 ⁵⁰

1883 4361 2220 4426 subvenite
2264 4361 2404 4425 sine
2445 4357 2645 4439 mora,

1880 4464 1943 4527 in
1990 4471 2120 4527 tam
2164 4464 2355 4544 gravi
2402 4462 2754 4544 tempestate

1879 4587 1981 4630 me
2025 4574 2388 4649 praesentes
2434 4564 2738 4627 defensate

1970 4691 2011 4734 a
2055 4669 2414 4734 daemonum
2456 4656 2744 4732 instantia.
