<?xml version="1.0" encoding="UTF-8"?>
<!DOCTYPE html PUBLIC "-//W3C//DTD XHTML 1.0 Transitional//EN"
    "http://www.w3.org/TR/xhtml1/DTD/xhtml1-transitional.dtd">
<html xmlns="http://www.w3.org/1999/xhtml" xml:lang="en" lang="en">
 <head>
  <title>
</title>
<meta http-equiv="Content-Type" content="text/html;charset=utf-8" />
  <meta name='ocr-system' content='tesseract 3.04.00' />
  <meta name='ocr-capabilities' content='ocr_page ocr_carea ocr_par ocr_line ocrx_word'/>
</head>
<body>
  <div class='ocr_page' id='page_1' title='image "./lateinischehymn04monegoog_0253.png"; bbox 0 0 3175 5234; ppageno 0'>
   <div class='ocr_carea' id='block_1_1' title="bbox 2664 306 2798 375">
    <p class='ocr_par' dir='ltr' id='par_1_1' title="bbox 2664 306 2798 375">
     <span class='ocr_line' id='line_1_1' title="bbox 2664 306 2798 375; baseline 0 -2"><span class='ocrx_word' id='word_1_1' title='bbox 2664 306 2798 375; x_wconf 73' lang='lat' dir='ltr'><strong>m</strong></span> 
     </span>
    </p>
   </div>
   <div class='ocr_carea' id='block_1_2' title="bbox 182 483 2803 814">
    <p class='ocr_par' dir='ltr' id='par_1_2' title="bbox 182 483 2803 814">
     <span class='ocr_line' id='line_1_2' title="bbox 367 483 2802 560; baseline 0.002 -19"><span class='ocrx_word' id='word_1_2' title='bbox 367 486 622 542; x_wconf 78' lang='lat'><strong>10—12</strong></span> <span class='ocrx_word' id='word_1_3' title='bbox 673 485 874 541; x_wconf 62' lang='lat' dir='ltr'><strong>neten</strong></span> <span class='ocrx_word' id='word_1_4' title='bbox 927 483 986 539; x_wconf 82' lang='lat' dir='ltr'><strong>in</strong></span> <span class='ocrx_word' id='word_1_5' title='bbox 1039 485 1142 541; x_wconf 68' lang='lat' dir='ltr'><strong>dur</strong></span> <span class='ocrx_word' id='word_1_6' title='bbox 1187 486 1284 543; x_wconf 74' lang='lat' dir='ltr'><strong>lis.</strong></span> <span class='ocrx_word' id='word_1_7' title='bbox 1323 486 1471 541; x_wconf 76' lang='lat' dir='ltr'><strong>nach</strong></span> <span class='ocrx_word' id='word_1_8' title='bbox 1506 485 1612 555; x_wconf 79' lang='lat'><strong>18,</strong></span> <span class='ocrx_word' id='word_1_9' title='bbox 1674 499 1773 541; x_wconf 78' lang='lat' dir='ltr'><strong>wo</strong></span> <span class='ocrx_word' id='word_1_10' title='bbox 1808 485 1892 540; x_wconf 79' lang='lat' dir='ltr'><strong>sie</strong></span> <span class='ocrx_word' id='word_1_11' title='bbox 1929 485 2035 541; x_wconf 79' lang='lat' dir='ltr'><strong>den</strong></span> <span class='ocrx_word' id='word_1_12' title='bbox 2071 486 2555 560; x_wconf 71' lang='lat' dir='ltr'><strong>zusammenbang</strong></span> <span class='ocrx_word' id='word_1_13' title='bbox 2589 489 2802 547; x_wconf 63' lang='lat' dir='ltr'><strong>stota.</strong></span> 
     </span>
     <span class='ocr_line' id='line_1_3' title="bbox 182 568 2803 639; baseline -0 -9"><span class='ocrx_word' id='word_1_14' title='bbox 182 576 259 630; x_wconf 82' lang='grc'><strong>10</strong></span> <span class='ocrx_word' id='word_1_15' title='bbox 298 579 499 629; x_wconf 75' lang='lat' dir='ltr'><strong>nactus</strong></span> <span class='ocrx_word' id='word_1_16' title='bbox 548 602 613 614; x_wconf 92' lang='lat'><em>-</em></span> <span class='ocrx_word' id='word_1_17' title='bbox 667 576 726 626; x_wconf 84' lang='lat' dir='ltr'><strong>et</strong></span> <span class='ocrx_word' id='word_1_18' title='bbox 763 568 837 625; x_wconf 89' lang='lat' dir='ltr'><strong>in.</strong></span> <span class='ocrx_word' id='word_1_19' title='bbox 875 569 970 625; x_wconf 77' lang='lat' dir='ltr'><strong>Hs.</strong></span> <span class='ocrx_word' id='word_1_20' title='bbox 1077 574 1143 626; x_wconf 87' lang='lat'><strong>11</strong></span> <span class='ocrx_word' id='word_1_21' title='bbox 1182 579 1241 628; x_wconf 86' lang='lat' dir='ltr'><strong>et</strong></span> <span class='ocrx_word' id='word_1_22' title='bbox 1276 571 1425 633; x_wconf 80' lang='lat' dir='ltr'><strong>doct.</strong></span> <span class='ocrx_word' id='word_1_23' title='bbox 1461 572 1585 639; x_wconf 65' lang='lat' dir='ltr'><strong>Rs„</strong></span> <span class='ocrx_word' id='word_1_24' title='bbox 1623 571 1787 626; x_wconf 78' lang='lat' dir='ltr'><strong>vanis</strong></span> <span class='ocrx_word' id='word_1_25' title='bbox 1823 568 1984 628; x_wconf 79' lang='lat' dir='ltr'><strong>fehlt.</strong></span> <span class='ocrx_word' id='word_1_26' title='bbox 2084 574 2152 627; x_wconf 86' lang='grc'><strong>13</strong></span> <span class='ocrx_word' id='word_1_27' title='bbox 2199 572 2396 628; x_wconf 84' lang='lat' dir='ltr'><strong>besser</strong></span> <span class='ocrx_word' id='word_1_28' title='bbox 2431 572 2655 629; x_wconf 84' lang='lat' dir='ltr'><strong>scheint</strong></span> <span class='ocrx_word' id='word_1_29' title='bbox 2693 573 2803 629; x_wconf 85' lang='lat' dir='ltr'><strong>mir</strong></span> 
     </span>
     <span class='ocr_line' id='line_1_4' title="bbox 184 654 2798 728; baseline -0 -12"><span class='ocrx_word' id='word_1_30' title='bbox 184 665 550 716; x_wconf 82' lang='lat' dir='ltr'><strong>convertens.</strong></span> <span class='ocrx_word' id='word_1_31' title='bbox 626 660 694 710; x_wconf 77' lang='grc'><strong>17</strong></span> <span class='ocrx_word' id='word_1_32' title='bbox 727 672 927 712; x_wconf 80' lang='lat' dir='ltr'><strong>manus</strong></span> <span class='ocrx_word' id='word_1_33' title='bbox 964 654 1002 712; x_wconf 82' lang='lat' dir='ltr'><strong>f.</strong></span> <span class='ocrx_word' id='word_1_34' title='bbox 1037 657 1229 713; x_wconf 66' lang='lat' dir='ltr'><strong>Manes</strong></span> <span class='ocrx_word' id='word_1_35' title='bbox 1248 699 1263 726; x_wconf 93' lang='lat'><strong>,</strong></span> <span class='ocrx_word' id='word_1_36' title='bbox 1298 658 1397 714; x_wconf 79' lang='lat' dir='ltr'><strong>Hs.</strong></span> <span class='ocrx_word' id='word_1_37' title='bbox 1489 660 1557 711; x_wconf 78' lang='lat'><strong>19</strong></span> <span class='ocrx_word' id='word_1_38' title='bbox 1594 657 1804 713; x_wconf 86' lang='lat' dir='ltr'><strong>nullum</strong></span> <span class='ocrx_word' id='word_1_39' title='bbox 1841 655 1877 714; x_wconf 71' lang='lat' dir='ltr'><strong>ff:</strong></span> <span class='ocrx_word' id='word_1_40' title='bbox 1914 659 2068 714; x_wconf 85' lang='lat' dir='ltr'><strong>mult.</strong></span> <span class='ocrx_word' id='word_1_41' title='bbox 2104 657 2199 713; x_wconf 80' lang='lat' dir='ltr'><strong>Hs.</strong></span> <span class='ocrx_word' id='word_1_42' title='bbox 2288 661 2359 712; x_wconf 81' lang='lat'><strong>25</strong></span> <span class='ocrx_word' id='word_1_43' title='bbox 2396 658 2665 728; x_wconf 77' lang='lat' dir='ltr'><strong>habeant,</strong></span> <span class='ocrx_word' id='word_1_44' title='bbox 2700 659 2798 715; x_wconf 79' lang='lat' dir='ltr'><strong>Hs.</strong></span> 
     </span>
     <span class='ocr_line' id='line_1_5' title="bbox 182 742 1989 814; baseline -0.001 -13"><span class='ocrx_word' id='word_1_45' title='bbox 182 749 253 801; x_wconf 78' lang='lat'><strong>31</strong></span> <span class='ocrx_word' id='word_1_46' title='bbox 297 744 557 813; x_wconf 77' lang='lat' dir='ltr'><strong>dormiet,</strong></span> <span class='ocrx_word' id='word_1_47' title='bbox 593 743 694 799; x_wconf 79' lang='lat' dir='ltr'><strong>Hs.</strong></span> <span class='ocrx_word' id='word_1_48' title='bbox 763 745 835 799; x_wconf 74' lang='lat'><strong>34</strong></span> <span class='ocrx_word' id='word_1_49' title='bbox 869 742 1181 814; x_wconf 82' lang='lat' dir='ltr'><strong>imputavit,</strong></span> <span class='ocrx_word' id='word_1_50' title='bbox 1217 744 1312 800; x_wconf 79' lang='lat' dir='ltr'><strong>Hs.</strong></span> <span class='ocrx_word' id='word_1_51' title='bbox 1383 747 1451 800; x_wconf 67' lang='lat'><strong>41</strong></span> <span class='ocrx_word' id='word_1_52' title='bbox 1493 743 1801 814; x_wconf 78' lang='lat' dir='ltr'><strong>ductorem,</strong></span> <span class='ocrx_word' id='word_1_53' title='bbox 1839 743 1934 799; x_wconf 77' lang='lat' dir='ltr'><strong>Hs.</strong></span> <span class='ocrx_word' id='word_1_54' title='bbox 1984 776 1989 782; x_wconf 91' lang='lat'><em>-</em></span> 
     </span>
    </p>
   </div>
   <div class='ocr_carea' id='block_1_3' title="bbox 795 1023 2195 1127">
    <p class='ocr_par' dir='ltr' id='par_1_3' title="bbox 795 1023 2195 1127">
     <span class='ocr_line' id='line_1_6' title="bbox 795 1023 2195 1127; baseline -0.002 -26"><span class='ocrx_word' id='word_1_55' title='bbox 795 1027 969 1101; x_wconf 86' lang='lat'><strong>823.</strong></span> <span class='ocrx_word' id='word_1_56' title='bbox 1027 1028 1147 1100; x_wconf 81' lang='lat' dir='ltr'><strong>De</strong></span> <span class='ocrx_word' id='word_1_57' title='bbox 1200 1052 1257 1099; x_wconf 91' lang='lat' dir='ltr'><strong>s.</strong></span> <span class='ocrx_word' id='word_1_58' title='bbox 1313 1023 1744 1126; x_wconf 72' lang='lat' dir='ltr'><strong>Augustino.</strong></span> <span class='ocrx_word' id='word_1_59' title='bbox 1813 1029 2195 1127; x_wconf 78' lang='lat' dir='ltr'><strong>sequentia.</strong></span> 
     </span>
    </p>
   </div>
   <div class='ocr_carea' id='block_1_4' title="bbox 184 1227 1006 1498">
    <p class='ocr_par' dir='ltr' id='par_1_4' title="bbox 184 1227 1006 1498">
     <span class='ocr_line' id='line_1_7' title="bbox 186 1227 1006 1312; baseline -0.002 -18"><span class='ocrx_word' id='word_1_60' title='bbox 186 1229 563 1294; x_wconf 85' lang='lat' dir='ltr'><strong>Illuminare</strong></span> <span class='ocrx_word' id='word_1_61' title='bbox 608 1227 1006 1312; x_wconf 83' lang='lat' dir='ltr'><strong>Jerusalem,</strong></span> 
     </span>
     <span class='ocr_line' id='line_1_8' title="bbox 184 1329 797 1415; baseline 0 -19"><span class='ocrx_word' id='word_1_62' title='bbox 184 1332 554 1396; x_wconf 85' lang='lat' dir='ltr'><strong>illuminare</strong></span> <span class='ocrx_word' id='word_1_63' title='bbox 601 1329 760 1396; x_wconf 85' lang='lat' dir='ltr'>Sion</span> <span class='ocrx_word' id='word_1_64' title='bbox 778 1380 797 1415; x_wconf 93' lang='lat'><strong>,</strong></span> 
     </span>
     <span class='ocr_line' id='line_1_9' title="bbox 187 1435 475 1498; baseline -0.007 0"><span class='ocrx_word' id='word_1_65' title='bbox 187 1435 475 1498; x_wconf 88' lang='lat' dir='ltr'><strong>elevare.</strong></span> 
     </span>
    </p>
   </div>
   <div class='ocr_carea' id='block_1_5' title="bbox 186 1622 959 1808">
    <p class='ocr_par' dir='ltr' id='par_1_5' title="bbox 186 1622 959 1808">
     <span class='ocr_line' id='line_1_10' title="bbox 186 1622 767 1689; baseline 0 -1"><span class='ocrx_word' id='word_1_66' title='bbox 186 1622 363 1688; x_wconf 85' lang='lat' dir='ltr'><strong>Luto</strong></span> <span class='ocrx_word' id='word_1_67' title='bbox 407 1623 767 1689; x_wconf 81' lang='lat' dir='ltr'><strong>Pharaonis</strong></span> 
     </span>
     <span class='ocr_line' id='line_1_11' title="bbox 278 1722 959 1808; baseline -0.003 -18"><span class='ocrx_word' id='word_1_68' title='bbox 278 1725 413 1790; x_wconf 83' lang='lat' dir='ltr'><strong>dux</strong></span> <span class='ocrx_word' id='word_1_69' title='bbox 456 1724 729 1808; x_wconf 86' lang='lat' dir='ltr'><strong>eripitur</strong></span> <span class='ocrx_word' id='word_1_70' title='bbox 772 1722 959 1807; x_wconf 86' lang='lat' dir='ltr'><strong>fidei,</strong></span> 
     </span>
    </p>
   </div>
   <div class='ocr_carea' id='block_1_6' title="bbox 187 1861 999 2049">
    <p class='ocr_par' dir='ltr' id='par_1_6' title="bbox 187 1861 999 2049">
     <span class='ocr_line' id='line_1_12' title="bbox 187 1861 795 1944; baseline -0.007 -14"><span class='ocrx_word' id='word_1_71' title='bbox 187 1863 418 1944; x_wconf 81' lang='lat' dir='ltr'><strong>Iugum</strong></span> <span class='ocrx_word' id='word_1_72' title='bbox 464 1861 795 1927; x_wconf 83' lang='lat' dir='ltr'><strong>Babilonis</strong></span> 
     </span>
     <span class='ocr_line' id='line_1_13' title="bbox 276 1964 999 2049; baseline 0.001 -20"><span class='ocrx_word' id='word_1_73' title='bbox 276 1967 348 2029; x_wconf 83' lang='lat' dir='ltr'><strong>vi</strong></span> <span class='ocrx_word' id='word_1_74' title='bbox 396 1966 784 2049; x_wconf 81' lang='lat' dir='ltr'><strong>computruit</strong></span> <span class='ocrx_word' id='word_1_75' title='bbox 828 1964 956 2030; x_wconf 88' lang='lat' dir='ltr'><strong>olei</strong></span> <span class='ocrx_word' id='word_1_76' title='bbox 979 2013 999 2047; x_wconf 87' lang='lat'><strong>,</strong></span> 
     </span>
    </p>
   </div>
   <div class='ocr_carea' id='block_1_7' title="bbox 100 2148 1148 2345">
    <p class='ocr_par' dir='ltr' id='par_1_7' title="bbox 100 2148 1148 2345">
     <span class='ocr_line' id='line_1_14' title="bbox 100 2148 1148 2240; baseline 0.003 -21"><span class='ocrx_word' id='word_1_77' title='bbox 100 2148 120 2168; x_wconf 85' lang='lat'><em>⁰</em></span> <span class='ocrx_word' id='word_1_78' title='bbox 189 2155 358 2221; x_wconf 86' lang='lat' dir='ltr'><strong>Dum</strong></span> <span class='ocrx_word' id='word_1_79' title='bbox 402 2153 810 2240; x_wconf 75' lang='lat' dir='ltr'><strong>Augustinus</strong></span> <span class='ocrx_word' id='word_1_80' title='bbox 856 2175 1148 2222; x_wconf 88' lang='lat' dir='ltr'><strong>errorum</strong></span> 
     </span>
     <span class='ocr_line' id='line_1_15' title="bbox 277 2260 795 2345; baseline -0.002 -19"><span class='ocrx_word' id='word_1_81' title='bbox 277 2261 449 2326; x_wconf 86' lang='lat' dir='ltr'><strong>liber</strong></span> <span class='ocrx_word' id='word_1_82' title='bbox 493 2260 795 2345; x_wconf 68' lang='lat' dir='ltr'><strong>decipula</strong></span> 
     </span>
    </p>
   </div>
   <div class='ocr_carea' id='block_1_8' title="bbox 191 2395 989 2573">
    <p class='ocr_par' dir='ltr' id='par_1_8' title="bbox 191 2395 989 2573">
     <span class='ocr_line' id='line_1_16' title="bbox 191 2395 989 2479; baseline -0.003 -18"><span class='ocrx_word' id='word_1_83' title='bbox 191 2395 656 2461; x_wconf 86' lang='lat' dir='ltr'><strong>Illecebrarum</strong></span> <span class='ocrx_word' id='word_1_84' title='bbox 702 2396 989 2479; x_wconf 82' lang='lat' dir='ltr'><strong>priorum</strong></span> 
     </span>
     <span class='ocr_line' id='line_1_17' title="bbox 286 2498 876 2573; baseline 0.002 -11"><span class='ocrx_word' id='word_1_85' title='bbox 286 2500 562 2573; x_wconf 69' lang='lat' dir='ltr'><strong>solvitur</strong></span> <span class='ocrx_word' id='word_1_86' title='bbox 609 2498 876 2565; x_wconf 73' lang='lat' dir='ltr'><strong>macula.</strong></span> 
     </span>
    </p>
   </div>
   <div class='ocr_carea' id='block_1_9' title="bbox 189 2688 1132 3306">
    <p class='ocr_par' dir='ltr' id='par_1_9' title="bbox 189 2688 1132 3306">
     <span class='ocr_line' id='line_1_18' title="bbox 194 2688 748 2769; baseline -0.004 -16"><span class='ocrx_word' id='word_1_87' title='bbox 194 2688 462 2753; x_wconf 83' lang='lat' dir='ltr'><strong>Monica</strong></span> <span class='ocrx_word' id='word_1_88' title='bbox 506 2695 711 2751; x_wconf 85' lang='lat' dir='ltr'><strong>matre</strong></span> <span class='ocrx_word' id='word_1_89' title='bbox 727 2734 748 2769; x_wconf 94' lang='lat'><strong>,</strong></span> 
     </span>
     <span class='ocr_line' id='line_1_19' title="bbox 189 2791 710 2874; baseline -0.008 -16"><span class='ocrx_word' id='word_1_90' title='bbox 189 2791 478 2858; x_wconf 84' lang='lat' dir='ltr'><strong>Patricio</strong></span> <span class='ocrx_word' id='word_1_91' title='bbox 523 2799 710 2874; x_wconf 77' lang='lat' dir='ltr'><strong>patre</strong></span> 
     </span>
     <span class='ocr_line' id='line_1_20' title="bbox 281 2892 1132 2977; baseline 0.001 -19"><span class='ocrx_word' id='word_1_92' title='bbox 281 2895 692 2961; x_wconf 79' lang='lat' dir='ltr'><strong>doctissimus</strong></span> <span class='ocrx_word' id='word_1_93' title='bbox 736 2892 1132 2977; x_wconf 76' lang='lat' dir='ltr'><strong>Carthagine</strong></span> 
     </span>
     <span class='ocr_line' id='line_1_21' title="bbox 370 2997 618 3080; baseline -0.004 -18"><span class='ocrx_word' id='word_1_94' title='bbox 370 2997 588 3063; x_wconf 88' lang='lat' dir='ltr'><strong>floruit</strong></span> <span class='ocrx_word' id='word_1_95' title='bbox 597 3018 618 3080; x_wconf 85' lang='lat'>3</span> 
     </span>
     <span class='ocr_line' id='line_1_22' title="bbox 189 3137 802 3221; baseline -0.005 -17"><span class='ocrx_word' id='word_1_96' title='bbox 189 3137 470 3221; x_wconf 75' lang='lat' dir='ltr'><strong>Logicae</strong></span> <span class='ocrx_word' id='word_1_97' title='bbox 516 3137 766 3203; x_wconf 83' lang='lat' dir='ltr'><strong>culmen</strong></span> <span class='ocrx_word' id='word_1_98' title='bbox 785 3185 802 3217; x_wconf 93' lang='lat'>‚</span> 
     </span>
     <span class='ocr_line' id='line_1_23' title="bbox 192 3239 834 3306; baseline -0.009 0"><span class='ocrx_word' id='word_1_99' title='bbox 192 3241 551 3306; x_wconf 78' lang='lat' dir='ltr'><strong>rhetoricae</strong></span> <span class='ocrx_word' id='word_1_100' title='bbox 593 3239 834 3304; x_wconf 74' lang='lat' dir='ltr'><strong>fulmen</strong></span> 
     </span>
    </p>
   </div>
   <div class='ocr_carea' id='block_1_10' title="bbox 283 3339 971 3510">
    <p class='ocr_par' dir='ltr' id='par_1_10' title="bbox 283 3339 971 3510">
     <span class='ocr_line' id='line_1_24' title="bbox 283 3339 971 3425; baseline -0.003 -20"><span class='ocrx_word' id='word_1_101' title='bbox 283 3342 351 3405; x_wconf 92' lang='lat' dir='ltr'><strong>in</strong></span> <span class='ocrx_word' id='word_1_102' title='bbox 388 3341 637 3425; x_wconf 87' lang='lat' dir='ltr'><strong>juvene</strong></span> <span class='ocrx_word' id='word_1_103' title='bbox 679 3339 971 3404; x_wconf 88' lang='lat' dir='ltr'><strong>mirabile</strong></span> 
     </span>
     <span class='ocr_line' id='line_1_25' title="bbox 372 3446 574 3510; baseline -0.005 -1"><span class='ocrx_word' id='word_1_104' title='bbox 372 3446 574 3510; x_wconf 84' lang='lat' dir='ltr'><strong>nituit.</strong></span> 
     </span>
    </p>
   </div>
   <div class='ocr_carea' id='block_1_11' title="bbox 195 3633 1104 3920">
    <p class='ocr_par' dir='ltr' id='par_1_11' title="bbox 195 3633 1104 3920">
     <span class='ocr_line' id='line_1_26' title="bbox 195 3633 781 3703; baseline -0.012 0"><span class='ocrx_word' id='word_1_105' title='bbox 195 3635 377 3703; x_wconf 86' lang='lat' dir='ltr'><strong>Inter</strong></span> <span class='ocrx_word' id='word_1_106' title='bbox 420 3633 566 3697; x_wconf 79' lang='lat' dir='ltr'><strong>haec</strong></span> <span class='ocrx_word' id='word_1_107' title='bbox 609 3633 781 3696; x_wconf 84' lang='lat' dir='ltr'><strong>vitiis</strong></span> 
     </span>
     <span class='ocr_line' id='line_1_27' title="bbox 285 3735 1104 3834; baseline 0 -35"><span class='ocrx_word' id='word_1_108' title='bbox 285 3742 355 3799; x_wconf 88' lang='lat' dir='ltr'><strong>et</strong></span> <span class='ocrx_word' id='word_1_109' title='bbox 400 3752 693 3798; x_wconf 86' lang='lat' dir='ltr'><strong>errorum</strong></span> <span class='ocrx_word' id='word_1_110' title='bbox 738 3735 990 3818; x_wconf 85' lang='lat' dir='ltr'><strong>capitur</strong></span> <span class='ocrx_word' id='word_1_111' title='bbox 1098 3824 1104 3834; x_wconf 28' lang='grc' dir='ltr'>Ι</span> 
     </span>
     <span class='ocr_line' id='line_1_28' title="bbox 202 3837 668 3920; baseline -0.002 -18"><span class='ocrx_word' id='word_1_112' title='bbox 202 3837 314 3902; x_wconf 86' lang='lat' dir='ltr'><strong>diu</strong></span> <span class='ocrx_word' id='word_1_113' title='bbox 360 3837 668 3920; x_wconf 78' lang='lat' dir='ltr'><strong>fallacii83</strong></span> 
     </span>
    </p>
   </div>
   <div class='ocr_carea' id='block_1_12' title="bbox 197 3972 1123 4268">
    <p class='ocr_par' dir='ltr' id='par_1_12' title="bbox 197 3972 1123 4268">
     <span class='ocr_line' id='line_1_29' title="bbox 199 3972 915 4042; baseline 0 -2"><span class='ocrx_word' id='word_1_114' title='bbox 199 3972 337 4041; x_wconf 87' lang='lat' dir='ltr'><strong>Sed</strong></span> <span class='ocrx_word' id='word_1_115' title='bbox 384 3983 591 4042; x_wconf 84' lang='lat' dir='ltr'><strong>mater</strong></span> <span class='ocrx_word' id='word_1_116' title='bbox 635 3976 915 4042; x_wconf 80' lang='lat' dir='ltr'><strong>lacrimis</strong></span> 
     </span>
     <span class='ocr_line' id='line_1_30' title="bbox 283 4077 1123 4164; baseline 0.002 -21"><span class='ocrx_word' id='word_1_117' title='bbox 283 4080 496 4163; x_wconf 83' lang='lat' dir='ltr'><strong>ipsum</strong></span> <span class='ocrx_word' id='word_1_118' title='bbox 541 4077 799 4145; x_wconf 87' lang='lat' dir='ltr'><strong>Christo</strong></span> <span class='ocrx_word' id='word_1_119' title='bbox 846 4079 1123 4164; x_wconf 85' lang='lat' dir='ltr'><strong>parturit</strong></span> 
     </span>
     <span class='ocr_line' id='line_1_31' title="bbox 197 4184 1083 4268; baseline 0.005 -21"><span class='ocrx_word' id='word_1_120' title='bbox 197 4184 428 4249; x_wconf 79' lang='lat' dir='ltr'><strong>iterum</strong></span> <span class='ocrx_word' id='word_1_121' title='bbox 472 4185 779 4268; x_wconf 85' lang='lat' dir='ltr'><strong>plurimis.</strong></span> <span class='ocrx_word' id='word_1_122' title='bbox 1071 4212 1083 4223; x_wconf 86' lang='lat'>·</span> 
     </span>
    </p>
   </div>
   <div class='ocr_carea' id='block_1_13' title="bbox 199 4371 896 4762">
    <p class='ocr_par' dir='ltr' id='par_1_13' title="bbox 199 4371 896 4762">
     <span class='ocr_line' id='line_1_32' title="bbox 199 4371 851 4457; baseline -0.002 -20"><span class='ocrx_word' id='word_1_123' title='bbox 199 4371 488 4438; x_wconf 76' lang='lat' dir='ltr'><strong>Locutus</strong></span> <span class='ocrx_word' id='word_1_124' title='bbox 532 4373 851 4457; x_wconf 77' lang='lat' dir='ltr'><strong>tangitur,</strong></span> 
     </span>
     <span class='ocr_line' id='line_1_33' title="bbox 200 4475 896 4557; baseline -0.001 -20"><span class='ocrx_word' id='word_1_125' title='bbox 200 4476 550 4539; x_wconf 81' lang='lat' dir='ltr'><strong>suscitatur</strong></span> <span class='ocrx_word' id='word_1_126' title='bbox 595 4475 896 4557; x_wconf 84' lang='lat' dir='ltr'><strong>loquens,</strong></span> 
     </span>
     <span class='ocr_line' id='line_1_34' title="bbox 288 4577 592 4659; baseline -0.003 -19"><span class='ocrx_word' id='word_1_127' title='bbox 288 4577 592 4659; x_wconf 83' lang='lat' dir='ltr'><strong>erigitur,</strong></span> 
     </span>
     <span class='ocr_line' id='line_1_35' title="bbox 285 4680 741 4762; baseline 0.007 -20"><span class='ocrx_word' id='word_1_128' title='bbox 285 4680 476 4744; x_wconf 78' lang='lat' dir='ltr'><strong>matri</strong></span> <span class='ocrx_word' id='word_1_129' title='bbox 519 4680 741 4762; x_wconf 85' lang='lat' dir='ltr'><strong>datur,</strong></span> 
     </span>
    </p>
   </div>
   <div class='ocr_carea' id='block_1_14' title="bbox 1365 2398 1445 2463">
    <p class='ocr_par' dir='ltr' id='par_1_14' title="bbox 1365 2398 1445 2463">
     <span class='ocr_line' id='line_1_36' title="bbox 1365 2398 1445 2463; baseline -0.038 0"><span class='ocrx_word' id='word_1_130' title='bbox 1365 2398 1445 2463; x_wconf 87' lang='lat'><strong>10</strong></span> 
     </span>
    </p>
   </div>
   <div class='ocr_carea' id='block_1_15' title="bbox 1366 2999 1445 3059">
    <p class='ocr_par' dir='ltr' id='par_1_15' title="bbox 1366 2999 1445 3059">
     <span class='ocr_line' id='line_1_37' title="bbox 1366 2999 1445 3059; baseline 0.013 -1"><span class='ocrx_word' id='word_1_131' title='bbox 1366 2999 1445 3059; x_wconf 87' lang='lat'><strong>15</strong></span> 
     </span>
    </p>
   </div>
   <div class='ocr_carea' id='block_1_16' title="bbox 1362 3633 1444 3697">
    <p class='ocr_par' dir='ltr' id='par_1_16' title="bbox 1362 3633 1444 3697">
     <span class='ocr_line' id='line_1_38' title="bbox 1362 3633 1444 3697; baseline 0.012 -1"><span class='ocrx_word' id='word_1_132' title='bbox 1362 3633 1444 3697; x_wconf 80' lang='lat'><strong>2⁰</strong></span> 
     </span>
    </p>
   </div>
   <div class='ocr_carea' id='block_1_17' title="bbox 1363 4183 1447 4248">
    <p class='ocr_par' dir='ltr' id='par_1_17' title="bbox 1363 4183 1447 4248">
     <span class='ocr_line' id='line_1_39' title="bbox 1363 4183 1447 4248; baseline -0.024 0"><span class='ocrx_word' id='word_1_133' title='bbox 1363 4183 1447 4248; x_wconf 80' lang='lat'><strong>25</strong></span> 
     </span>
    </p>
   </div>
   <div class='ocr_carea' id='block_1_18' title="bbox 1551 1229 2798 1621">
    <p class='ocr_par' dir='ltr' id='par_1_18' title="bbox 1724 1229 2798 1397">
     <span class='ocr_line' id='line_1_40' title="bbox 1728 1229 2798 1315; baseline 0.002 -22"><span class='ocrx_word' id='word_1_134' title='bbox 1728 1229 1812 1293; x_wconf 83' lang='lat' dir='ltr'><strong>de</strong></span> <span class='ocrx_word' id='word_1_135' title='bbox 1855 1230 2063 1315; x_wconf 84' lang='lat' dir='ltr'><strong>portis</strong></span> <span class='ocrx_word' id='word_1_136' title='bbox 2712 1233 2798 1296; x_wconf 86' lang='grc'><strong>30</strong></span> 
     </span>
     <span class='ocr_line' id='line_1_41' title="bbox 1724 1332 2065 1397; baseline 0.009 -2"><span class='ocrx_word' id='word_1_137' title='bbox 1724 1338 1798 1396; x_wconf 89' lang='lat' dir='ltr'><strong>ut</strong></span> <span class='ocrx_word' id='word_1_138' title='bbox 1838 1332 2065 1397; x_wconf 75' lang='lat' dir='ltr'><strong>mortis</strong></span> 
     </span>
    </p>

    <p class='ocr_par' dir='ltr' id='par_1_19' title="bbox 1551 1435 2092 1519">
     <span class='ocr_line' id='line_1_42' title="bbox 1551 1435 2092 1519; baseline 0 -19"><span class='ocrx_word' id='word_1_139' title='bbox 1551 1435 1770 1500; x_wconf 82' lang='lat' dir='ltr'><strong>vivum</strong></span> <span class='ocrx_word' id='word_1_140' title='bbox 1813 1436 2092 1519; x_wconf 79' lang='lat' dir='ltr'><strong>referat,</strong></span> 
     </span>
    </p>

    <p class='ocr_par' dir='ltr' id='par_1_20' title="bbox 1552 1537 2440 1621">
     <span class='ocr_line' id='line_1_43' title="bbox 1552 1537 2440 1621; baseline 0.002 -19"><span class='ocrx_word' id='word_1_141' title='bbox 1552 1558 1741 1621; x_wconf 83' lang='lat' dir='ltr'><strong>quem</strong></span> <span class='ocrx_word' id='word_1_142' title='bbox 1786 1546 2103 1604; x_wconf 85' lang='lat' dir='ltr'><strong>mortuum</strong></span> <span class='ocrx_word' id='word_1_143' title='bbox 2147 1537 2440 1604; x_wconf 87' lang='lat' dir='ltr'><strong>fleverat.</strong></span> 
     </span>
    </p>
   </div>
   <div class='ocr_carea' id='block_1_19' title="bbox 1548 1722 2799 2306">
    <p class='ocr_par' dir='ltr' id='par_1_21' title="bbox 1548 1722 2799 2306">
     <span class='ocr_line' id='line_1_44' title="bbox 1550 1722 2167 1791; baseline 0 -1"><span class='ocrx_word' id='word_1_144' title='bbox 1550 1725 1789 1791; x_wconf 78' lang='lat' dir='ltr'><strong>Verbis</strong></span> <span class='ocrx_word' id='word_1_145' title='bbox 1832 1722 2167 1790; x_wconf 86' lang='lat' dir='ltr'><strong>Ambrosii</strong></span> 
     </span>
     <span class='ocr_line' id='line_1_45' title="bbox 1548 1829 2799 1913; baseline 0 -20"><span class='ocrx_word' id='word_1_146' title='bbox 1548 1829 1702 1895; x_wconf 85' lang='lat' dir='ltr'><strong>dum</strong></span> <span class='ocrx_word' id='word_1_147' title='bbox 1748 1837 2168 1913; x_wconf 85' lang='lat' dir='ltr'><strong>compunctus</strong></span> <span class='ocrx_word' id='word_1_148' title='bbox 2212 1849 2403 1896; x_wconf 83' lang='lat' dir='ltr'><strong>sacro</strong></span> <span class='ocrx_word' id='word_1_149' title='bbox 2714 1831 2799 1894; x_wconf 80' lang='lat'><strong>35</strong></span> 
     </span>
     <span class='ocr_line' id='line_1_46' title="bbox 1637 1932 1906 1997; baseline 0 -1"><span class='ocrx_word' id='word_1_150' title='bbox 1637 1932 1906 1997; x_wconf 87' lang='lat' dir='ltr'><strong>remedii</strong></span> 
     </span>
     <span class='ocr_line' id='line_1_47' title="bbox 1637 2034 2122 2117; baseline 0 -18"><span class='ocrx_word' id='word_1_151' title='bbox 1637 2034 1817 2101; x_wconf 79' lang='lat' dir='ltr'><strong>fonte</strong></span> <span class='ocrx_word' id='word_1_152' title='bbox 1861 2043 2122 2117; x_wconf 85' lang='lat' dir='ltr'><strong>unctus,</strong></span> 
     </span>
     <span class='ocr_line' id='line_1_48' title="bbox 1723 2145 1971 2201; baseline 0.004 -1"><span class='ocrx_word' id='word_1_153' title='bbox 1723 2145 1971 2201; x_wconf 77' lang='lat' dir='ltr'><strong>aeterna</strong></span> 
     </span>
     <span class='ocr_line' id='line_1_49' title="bbox 1722 2241 1992 2306; baseline 0.004 -2"><span class='ocrx_word' id='word_1_154' title='bbox 1722 2241 1992 2306; x_wconf 87' lang='lat' dir='ltr'><strong>lucerna</strong></span> 
     </span>
    </p>
   </div>
   <div class='ocr_carea' id='block_1_20' title="bbox 1551 2343 2800 2512">
    <p class='ocr_par' dir='ltr' id='par_1_22' title="bbox 1551 2343 2800 2512">
     <span class='ocr_line' id='line_1_50' title="bbox 1551 2343 2800 2410; baseline -0.001 0"><span class='ocrx_word' id='word_1_155' title='bbox 1551 2343 1720 2410; x_wconf 87' lang='lat' dir='ltr'><strong>coelo</strong></span> <span class='ocrx_word' id='word_1_156' title='bbox 1764 2344 2043 2410; x_wconf 85' lang='lat' dir='ltr'><strong>celebris</strong></span> <span class='ocrx_word' id='word_1_157' title='bbox 2713 2344 2800 2409; x_wconf 78' lang='lat'><strong>4⁰</strong></span> 
     </span>
     <span class='ocr_line' id='line_1_51' title="bbox 1552 2446 2306 2512; baseline 0.001 -3"><span class='ocrx_word' id='word_1_158' title='bbox 1552 2447 1815 2510; x_wconf 79' lang='lat' dir='ltr'><strong>emersit</strong></span> <span class='ocrx_word' id='word_1_159' title='bbox 1859 2446 1964 2512; x_wconf 88' lang='lat' dir='ltr'><strong>hic</strong></span> <span class='ocrx_word' id='word_1_160' title='bbox 2003 2446 2306 2512; x_wconf 87' lang='lat' dir='ltr'><strong>tenebris.</strong></span> 
     </span>
    </p>
   </div>
   <div class='ocr_carea' id='block_1_21' title="bbox 1549 2635 2357 2929">
    <p class='ocr_par' dir='ltr' id='par_1_23' title="bbox 1549 2635 2357 2929">
     <span class='ocr_line' id='line_1_52' title="bbox 1549 2635 2357 2720; baseline -0.001 -17"><span class='ocrx_word' id='word_1_161' title='bbox 1549 2638 1715 2703; x_wconf 87' lang='lat' dir='ltr'><strong>Nam</strong></span> <span class='ocrx_word' id='word_1_162' title='bbox 1762 2635 2081 2720; x_wconf 83' lang='lat' dir='ltr'><strong>quondam</strong></span> <span class='ocrx_word' id='word_1_163' title='bbox 2128 2636 2357 2702; x_wconf 83' lang='lat' dir='ltr'><strong>devius</strong></span> 
     </span>
     <span class='ocr_line' id='line_1_53' title="bbox 1550 2741 2328 2826; baseline -0.001 -22"><span class='ocrx_word' id='word_1_164' title='bbox 1550 2741 1722 2805; x_wconf 83' lang='lat' dir='ltr'><strong>viam</strong></span> <span class='ocrx_word' id='word_1_165' title='bbox 1770 2742 1999 2826; x_wconf 81' lang='lat' dir='ltr'><strong>patriae</strong></span> <span class='ocrx_word' id='word_1_166' title='bbox 2046 2741 2328 2806; x_wconf 87' lang='lat' dir='ltr'><strong>coelestis</strong></span> 
     </span>
     <span class='ocr_line' id='line_1_54' title="bbox 1639 2846 2316 2929; baseline 0.001 -21"><span class='ocrx_word' id='word_1_167' title='bbox 1639 2853 1955 2908; x_wconf 85' lang='lat' dir='ltr'><strong>monstrat</strong></span> <span class='ocrx_word' id='word_1_168' title='bbox 1996 2846 2316 2929; x_wconf 77' lang='lat' dir='ltr'><strong>praeviu83</strong></span> 
     </span>
    </p>
   </div>
   <div class='ocr_carea' id='block_1_22' title="bbox 1547 2980 2798 3249">
    <p class='ocr_par' dir='ltr' id='par_1_24' title="bbox 1547 2980 2798 3249">
     <span class='ocr_line' id='line_1_55' title="bbox 1549 2980 2798 3063; baseline 0.001 -18"><span class='ocrx_word' id='word_1_169' title='bbox 1549 2980 1715 3046; x_wconf 81' lang='lat' dir='ltr'><strong>Nam</strong></span> <span class='ocrx_word' id='word_1_170' title='bbox 1760 2982 1989 3063; x_wconf 83' lang='lat' dir='ltr'><strong>quibus</strong></span> <span class='ocrx_word' id='word_1_171' title='bbox 2033 2980 2349 3063; x_wconf 83' lang='lat' dir='ltr'><strong>baeserat,</strong></span> <span class='ocrx_word' id='word_1_172' title='bbox 2713 2982 2798 3046; x_wconf 77' lang='lat'><strong>45</strong></span> 
     </span>
     <span class='ocr_line' id='line_1_56' title="bbox 1547 3080 2543 3165; baseline 0.001 -19"><span class='ocrx_word' id='word_1_173' title='bbox 1547 3082 1794 3163; x_wconf 80' lang='lat' dir='ltr'><strong>frangit</strong></span> <span class='ocrx_word' id='word_1_174' title='bbox 1837 3080 2155 3160; x_wconf 83' lang='lat' dir='ltr'><strong>baereses‚</strong></span> <span class='ocrx_word' id='word_1_175' title='bbox 2202 3081 2543 3165; x_wconf 75' lang='lat' dir='ltr'><strong>scripturae</strong></span> 
     </span>
     <span class='ocr_line' id='line_1_57' title="bbox 1638 3184 2239 3249; baseline -0.003 -1"><span class='ocrx_word' id='word_1_176' title='bbox 1638 3184 1925 3249; x_wconf 82' lang='lat' dir='ltr'><strong>claustra</strong></span> <span class='ocrx_word' id='word_1_177' title='bbox 1971 3189 2239 3248; x_wconf 79' lang='lat' dir='ltr'><strong>reserat.</strong></span> 
     </span>
    </p>
   </div>
   <div class='ocr_carea' id='block_1_23' title="bbox 1548 3373 2798 3770">
    <p class='ocr_par' dir='ltr' id='par_1_25' title="bbox 1553 3373 2065 3440">
     <span class='ocr_line' id='line_1_58' title="bbox 1553 3373 2065 3440; baseline -0.006 0"><span class='ocrx_word' id='word_1_178' title='bbox 1553 3375 1855 3440; x_wconf 84' lang='lat' dir='ltr'><strong>Hosticos</strong></span> <span class='ocrx_word' id='word_1_179' title='bbox 1900 3373 2065 3438; x_wconf 80' lang='lat' dir='ltr'><strong>ictus</strong></span> 
     </span>
    </p>

    <p class='ocr_par' dir='ltr' id='par_1_26' title="bbox 1552 3478 2053 3564">
     <span class='ocr_line' id='line_1_59' title="bbox 1552 3478 2053 3564; baseline -0.002 -20"><span class='ocrx_word' id='word_1_180' title='bbox 1552 3480 1733 3564; x_wconf 83' lang='lat' dir='ltr'><strong>pugil</strong></span> <span class='ocrx_word' id='word_1_181' title='bbox 1776 3478 2053 3543; x_wconf 87' lang='lat' dir='ltr'><strong>invictus</strong></span> 
     </span>
    </p>

    <p class='ocr_par' dir='ltr' id='par_1_27' title="bbox 1548 3582 2798 3770">
     <span class='ocr_line' id='line_1_60' title="bbox 1548 3582 2798 3668; baseline 0.004 -22"><span class='ocrx_word' id='word_1_182' title='bbox 1548 3601 1672 3668; x_wconf 88' lang='lat' dir='ltr'><strong>pro</strong></span> <span class='ocrx_word' id='word_1_183' title='bbox 1716 3582 1846 3647; x_wconf 87' lang='lat' dir='ltr'><strong>fide</strong></span> <span class='ocrx_word' id='word_1_184' title='bbox 1885 3583 2160 3648; x_wconf 84' lang='lat' dir='ltr'><strong>sustinet</strong></span> <span class='ocrx_word' id='word_1_185' title='bbox 2714 3585 2798 3651; x_wconf 80' lang='lat'><strong>50</strong></span> 
     </span>
     <span class='ocr_line' id='line_1_61' title="bbox 1637 3685 2114 3770; baseline 0.006 -21"><span class='ocrx_word' id='word_1_186' title='bbox 1637 3693 1705 3749; x_wconf 88' lang='lat' dir='ltr'><strong>et</strong></span> <span class='ocrx_word' id='word_1_187' title='bbox 1748 3685 2114 3770; x_wconf 72' lang='lat' dir='ltr'><strong>conflictus,</strong></span> 
     </span>
    </p>
   </div>
   <div class='ocr_carea' id='block_1_24' title="bbox 1549 3821 2798 4217">
    <p class='ocr_par' dir='ltr' id='par_1_28' title="bbox 1549 3821 2798 4217">
     <span class='ocr_line' id='line_1_62' title="bbox 1549 3821 2184 3908; baseline 0.005 -21"><span class='ocrx_word' id='word_1_188' title='bbox 1549 3821 1752 3887; x_wconf 82' lang='lat' dir='ltr'><strong>Vultu</strong></span> <span class='ocrx_word' id='word_1_189' title='bbox 1797 3822 2184 3908; x_wconf 77' lang='lat' dir='ltr'><strong>disjunctas,</strong></span> 
     </span>
     <span class='ocr_line' id='line_1_63' title="bbox 1551 3925 2205 4010; baseline 0 -19"><span class='ocrx_word' id='word_1_190' title='bbox 1551 3925 1776 3991; x_wconf 87' lang='lat' dir='ltr'><strong>caudis</strong></span> <span class='ocrx_word' id='word_1_191' title='bbox 1823 3927 2205 4010; x_wconf 86' lang='lat' dir='ltr'><strong>conjunctas</strong></span> 
     </span>
     <span class='ocr_line' id='line_1_64' title="bbox 1552 4028 2331 4115; baseline 0.005 -23"><span class='ocrx_word' id='word_1_192' title='bbox 1552 4028 1702 4094; x_wconf 84' lang='lat' dir='ltr'><strong>dum</strong></span> <span class='ocrx_word' id='word_1_193' title='bbox 1746 4031 1981 4115; x_wconf 83' lang='lat' dir='ltr'><strong>vulpes</strong></span> <span class='ocrx_word' id='word_1_194' title='bbox 2028 4031 2331 4115; x_wconf 87' lang='lat' dir='ltr'><strong>dissipat,</strong></span> 
     </span>
     <span class='ocr_line' id='line_1_65' title="bbox 1637 4137 2798 4217; baseline 0.001 -20"><span class='ocrx_word' id='word_1_195' title='bbox 1637 4151 1761 4198; x_wconf 88' lang='lat' dir='ltr'><strong>nec</strong></span> <span class='ocrx_word' id='word_1_196' title='bbox 1805 4141 2240 4217; x_wconf 80' lang='lat' dir='ltr'><strong>compunctas.</strong></span> <span class='ocrx_word' id='word_1_197' title='bbox 2714 4137 2798 4198; x_wconf 78' lang='lat'><strong>55</strong></span> 
     </span>
    </p>
   </div>
   <div class='ocr_carea' id='block_1_25' title="bbox 1551 4337 2798 4853">
    <p class='ocr_par' dir='ltr' id='par_1_29' title="bbox 1551 4337 2798 4853">
     <span class='ocr_line' id='line_1_66' title="bbox 1551 4337 2230 4422; baseline -0.006 -17"><span class='ocrx_word' id='word_1_198' title='bbox 1551 4337 1876 4405; x_wconf 79' lang='lat' dir='ltr'><strong>Industria</strong></span> <span class='ocrx_word' id='word_1_199' title='bbox 1911 4337 2230 4422; x_wconf 80' lang='lat' dir='ltr'><strong>pastorali</strong></span> 
     </span>
     <span class='ocr_line' id='line_1_67' title="bbox 1641 4440 2538 4524; baseline 0.001 -20"><span class='ocrx_word' id='word_1_200' title='bbox 1641 4441 1830 4523; x_wconf 83' lang='lat' dir='ltr'><strong>lupos</strong></span> <span class='ocrx_word' id='word_1_201' title='bbox 1875 4447 2060 4506; x_wconf 84' lang='lat' dir='ltr'><strong>arcet</strong></span> <span class='ocrx_word' id='word_1_202' title='bbox 2103 4441 2200 4505; x_wconf 84' lang='lat' dir='ltr'><strong>ab·</strong></span> <span class='ocrx_word' id='word_1_203' title='bbox 2234 4440 2538 4524; x_wconf 81' lang='lat' dir='ltr'><strong>oviculis,</strong></span> 
     </span>
     <span class='ocr_line' id='line_1_68' title="bbox 1553 4575 2300 4642; baseline 0.003 -2"><span class='ocrx_word' id='word_1_204' title='bbox 1553 4576 1653 4640; x_wconf 91' lang='lat' dir='ltr'><strong>De</strong></span> <span class='ocrx_word' id='word_1_205' title='bbox 1698 4576 1911 4640; x_wconf 75' lang='lat' dir='ltr'><strong>tritico</strong></span> <span class='ocrx_word' id='word_1_206' title='bbox 1956 4575 2300 4642; x_wconf 84' lang='lat' dir='ltr'><strong>doctrinali</strong></span> 
     </span>
     <span class='ocr_line' id='line_1_69' title="bbox 1638 4680 2798 4853; baseline 0.006 -109"><span class='ocrx_word' id='word_1_207' title='bbox 1638 4682 1945 4764; x_wconf 75' lang='lat' dir='ltr'><strong>praebens</strong></span> <span class='ocrx_word' id='word_1_208' title='bbox 1990 4682 2201 4749; x_wconf 86' lang='lat' dir='ltr'><strong>cibum</strong></span> <span class='ocrx_word' id='word_1_209' title='bbox 2221 4680 2487 4853; x_wconf 45' lang='lat' dir='ltr'><strong>:iligna</strong></span> <span class='ocrx_word' id='word_1_210' title='bbox 2528 4682 2798 4773; x_wconf 51' lang='lat' dir='ltr'><strong>famulis.</strong></span> 
     </span>
    </p>
   </div>
  </div>
 </body>
</html>
