3175 5234
309 266 482 337 ,162

349 449 561 533 Laus,
605 449 846 532 honor,
890 465 1138 532 sponso
1168 447 1490 531 virginum
1522 448 1607 509 25
1715 448 1822 529 qui
1868 464 1987 511 nos
2033 452 2401 510 sanctorum
2446 446 2692 510 meritis

350 573 523 620 nuno
568 561 636 617 et
677 571 800 636 per
847 569 1034 615 omne
1082 549 1430 633 saeeulum,
1714 549 1862 614 eoeli
1908 547 2265 630 conjungat
2308 545 2580 629 gaudiis

524 735 912 793 Reichenauer
947 735 1044 790 Hs.
1082 735 1188 789 No.
1226 735 1310 788 6⁰.
1348 733 1436 789 Bl.
1469 734 1593 788 213.
1632 748 1734 788 aus
1771 731 1894 786 dem
1935 734 2003 785 14
2035 730 2232 785 Jahrb.

514 863 551 913 7
587 864 663 928 et,
700 858 796 914 Hs.
869 859 904 914 8
938 856 1148 930 pingit,
1186 861 1428 928 serenat,
1465 856 1567 911 Hs.

1204 1140 1374 1214 755.
1455 1140 1576 1211 De
1628 1162 1768 1209 una
1822 1138 2119 1236 virgine.

651 1357 915 1426 Laudes
959 1358 1102 1442 ejus
1147 1359 1340 1441 virgo
1386 1365 1568 1422 easta
1611 1358 1863 1423 recolat
1908 1357 2188 1423 ecelesia

654 1469 722 1526 et
767 1470 1090 1546 oouoepta
1135 1460 1336 1526 corde
1382 1470 1541 1525 vota
1583 1467 2028 1544 protestentur
2070 1461 2262 1525 labia.

646 1647 776 1714 Uni
821 1649 1218 1733 desponsata
1262 1648 1406 1712 viro
1453 1647 1695 1732 psallat
1743 1667 1886 1713 cum
1933 1649 2212 1731 laetitiae,

511 1756 516 1759 ⁷
641 1751 922 1845 pulchra
966 1752 1243 1836 pulchro
1289 1751 1646 1834 placitura,
1693 1751 1751 1816 si
1795 1751 2043 1817 devitet
2087 1753 2320 1835 turpia.

648 1940 975 2026 Sponsum
1019 1959 1202 2004 suum
1246 1956 1490 2023 sponsa
1535 1937 1761 2003 laudet
1804 1947 1872 2003 et
1916 1940 2332 2023 epithalamia

644 2064 790 2109 suae
831 2043 1352 2127 desponsationis
1396 2042 1492 2106 illi
1528 2048 1749 2106 cantet
1792 2041 2023 2107 dulcia.

636 2230 855 2316 Super
899 2250 1151 2297 omnem
1195 2232 1452 2297 laudem
1501 2231 1647 2319 ejus
1692 2198 1901 2296 addat
1939 2240 2007 2296 et
2053 2231 2138 2296 de
2181 2232 2432 2314 gratia,

636 2354 767 2416 qua
811 2335 1172 2400 conformat
1211 2336 1336 2397 sibi
1380 2352 1533 2398 reos
1576 2336 1967 2400 reformatos
2010 2333 2218 2433 venia.

633 2520 824 2587 Hune
867 2520 1181 2585 honorem
1226 2520 1349 2586 sibi
1393 2524 1627 2603 quaerit
1671 2532 1738 2588 et
1780 2523 1928 2587 haee
1975 2541 2173 2607 super
2217 2523 2430 2587 omnia

632 2625 804 2706 legis
849 2623 1235 2689 holocausta
1276 2623 1528 2708 placet,
1574 2625 1776 2709 digna
1823 2626 2085 2691 laudum
2130 2625 2378 2709 hostia,

630 2810 775 2876 lllio
817 2812 944 2876 iter
989 2829 1118 2893 quo
1167 2812 1450 2878 deducat
1494 2831 1800 2897 sponsam
1846 2816 1932 2880 ad
1979 2816 2216 2883 cubilia

629 2920 698 2979 et
744 2915 1047 2980 ostendat
1091 2914 1469 2999 salutarem,
1515 2918 1683 2982 sient
1728 2926 1829 2983 est
1872 2920 1938 2982 in
1982 2919 2213 3002 gloria.

622 3103 787 3168 Nam
834 3110 901 3167 et
943 3103 1091 3169 haee
1133 3105 1330 3170 beata
1371 3104 1592 3187 virgo,
1640 3105 1825 3189 eujus
1871 3107 2164 3172 natalitia

546 3213 550 3216 ’
621 3206 1028 3273 celebramus
1049 3254 1067 3289 ‚
1110 3227 1234 3291 per
1278 3205 1424 3272 haeo
1465 3207 1613 3292 ipsa
1656 3208 1917 3274 laudum
1964 3210 2288 3276 sacrificia

608 3392 767 3479 Ipso
812 3394 978 3463 duee
1014 3396 1156 3480 jam
1201 3400 1506 3482 pervenit
1549 3398 1636 3462 ad
1680 3399 1825 3481 ejus
1864 3399 2142 3483 palatia,

615 3499 730 3562 ubi
775 3505 991 3581 tenet,
1037 3519 1185 3581 quae
1231 3504 1572 3584 sperabat,
1617 3504 2018 3585 repromissa
2061 3505 2330 3587 praemia

610 3682 699 3748 Et
737 3684 881 3766 jam
925 3650 1162 3764 cernit,
1209 3708 1357 3770 quae
1404 3693 1772 3775 quaerebat,
1820 3692 1969 3756 dum
2014 3714 2136 3777 per
2179 3694 2325 3760 haee
2369 3695 2566 3759 exilia

612 3786 768 3867 agni
810 3790 955 3851 veri
995 3792 1392 3871 sequebatur
1438 3814 1839 3877 quaeounque
1884 3798 2182 3880 vestigia.

608 3973 804 4054 Quod,
842 3994 973 4041 non
1018 3978 1160 4044 sine
1203 3980 1507 4064 virginali
1551 3994 1774 4068 potest
1819 3987 2212 4052 continentia

601 4086 1001 4162 oeterorum,
1048 4083 1156 4164 qui
1200 4093 1554 4166 sequuntur
1599 4106 1835 4169 agnum
1855 4138 1872 4171 ‚
1918 4090 2126 4155 virtus
2172 4091 2318 4155 alia.

602 4249 786 4335 Ergo
833 4251 984 4318 dum
1026 4256 1484 4338 peregrinatur
1530 4266 1834 4340 erratque
1879 4278 2000 4342 per
2045 4260 2274 4342 devia,

600 4353 800 4438 hujus
843 4356 999 4420 vitae
1043 4375 1287 4441 sponsa
1332 4357 1575 4424 Christi
1620 4360 1765 4426 haeo
1809 4364 2255 4447 corruptibilia

596 4518 817 4587 Corde
862 4537 1165 4611 spernat,
1211 4548 1330 4613 spe
1377 4539 1685 4613 sequatur
1731 4533 1814 4596 ad
1860 4534 2259 4601 inmutabilia

589 4644 863 4711 agnum,
916 4631 1024 4710 qui
1066 4633 1446 4699 remissione
1491 4636 1660 4701 tollit
1702 4637 1922 4703 mundi
1966 4639 2145 4704 vitia.

2852 2629 2982 2693 10·

2835 3403 2922 3465 15

2821 4090 2910 4153 20
