3175 5234
2696 308 2831 376 ⁸¹12

220 501 542 570 convertit
583 483 1018 582 Porphyrium
1579 495 1982 578 angelusque
2028 496 2281 561 concite
2742 493 2831 560 3³

303 604 561 669 hostem
607 621 751 667 cum
795 601 1069 685 regina,
1391 603 1472 665 10
1665 599 1927 663 reduxit
1968 599 2033 662 in
2079 599 2383 663 favillam.
2824 619 2833 628 ·

220 725 466 775 vocaus
513 705 597 770 ad
641 708 1052 789 martyrium,

308 807 527 873 mundi
572 814 799 870 tenens
844 807 990 869 ima.
2015 790 2101 854 ad
2143 807 2395 855 nonam.

1557 930 1947 994 ·Remittitur
1991 930 2055 991 in
2103 947 2433 993 carcerem

638 999 723 1063 “d
762 1000 1055 1080 primam·
1669 1053 1846 1097 saeve
1891 1031 2224 1114 flagellata

226 1137 337 1204 Ad
384 1144 712 1206 certamen
758 1134 1011 1200 ducitur
1577 1136 1743 1202 hora
1786 1135 1956 1200 nona
1999 1156 2122 1219 per
2168 1153 2481 1200 caesarem
2542 1141 2546 1146 ’
2824 1183 2833 1220 ,

314 1242 503 1322 virgo
547 1247 922 1323 praeparata
1097 1327 1104 1332 -
1664 1239 1968 1319 victuque
2015 1239 2305 1322 privata,
2743 1237 2835 1328 40,

226 1343 388 1408 hora
423 1341 630 1427 prima
676 1341 933 1406 domino
1394 1341 1471 1401 15
1580 1340 1698 1404 sed
1745 1340 1962 1404 divino
2009 1359 2274 1404 munere

310 1447 572 1511 multum
620 1445 1017 1526 confortata,
1668 1446 1751 1508 ab
1797 1443 2035 1526 angelo
2082 1445 2298 1508 cibata

227 1569 369 1632 quae
414 1550 612 1613 traxit
655 1547 1084 1632 philosophos
1579 1562 1772 1608 sacro
1816 1544 2080 1608 tandem
2124 1545 2381 1608 numine

311 1653 577 1718 mirifice
623 1652 848 1717 dotata
1668 1667 2029 1730 recensque
2077 1647 2313 1712 oblata.

227 1756 310 1820 ad
354 1756 567 1820 lumen
615 1752 1001 1835 veridicum,
1049 1811 1056 1818 .

313 1866 379 1922 et
421 1857 650 1940 regina
695 1859 906 1921 beata.
1389 1855 1472 1918 20
1978 1838 2063 1902 ad
2105 1854 2421 1918 vesperas·

901 2048 913 2060 ⁸
1063 2001 1073 2011 ·
1579 1974 1791 2039 Jubar
1837 1974 2455 2058 splendidissimum,
2741 1979 2826 2042 45

642 2045 729 2114 “d
770 2050 1036 2110 temam·
1667 2080 1859 2160 virgo
1904 2078 2297 2157 Katherina,

217 2182 497 2265 *Templo
544 2180 733 2244 adest
776 2178 970 2243 tertia
1579 2200 1761 2245 suum
1808 2190 2029 2246 secuta
2075 2180 2396 2246 dominum

311 2285 477 2350 hora
519 2287 961 2366 incensorum,
1165 2364 1177 2376 .
1665 2284 1832 2347 hora
1876 2285 2252 2367 vespertina

229 2406 538 2453 caesarem
586 2385 970 2468 aggreditur
1577 2388 1645 2452 in
1686 2389 1937 2471 signum
1982 2388 2333 2453 veridicum
2361 2438 2378 2471 ,

313 2491 517 2555 hostis
562 2489 914 2572 idolorum,
1668 2491 1843 2575 quod
1883 2500 2019 2558 tota
2063 2493 2148 2556 sit
2193 2493 2448 2574 divina,
2742 2494 2840 2564 50.

226 2614 348 2682 per
390 2601 660 2658 metrum
708 2602 774 2658 et
816 2594 1097 2678 logicam
1391 2593 1474 2656 25
1580 2595 1806 2662 effudit
1848 2596 1953 2660 lac
1996 2597 2406 2680 purissimum
2614 2580 2620 2586 ’

316 2704 383 2761 et
426 2697 630 2760 visum
677 2705 999 2761 astrorum
1667 2685 1788 2785 pro
1833 2704 2149 2786 sanguine
2193 2703 2440 2786 regina.

231 2799 411 2866 duxit
456 2798 542 2862 ad
585 2799 877 2862 notitiam

316 2902 496 2984 regis
542 2902 938 2985 angelorum.
1891 2891 1977 2956 ad
2017 2891 2501 2974 completorium.

1578 3027 1829 3110 Nempe
1875 3028 2278 3110 completorii

652 3090 739 3155 “d
778 3094 1042 3156 sextam·
1667 3129 1832 3192 hora
1874 3129 2255 3209 tumulatur,

229 3225 492 3292 Exarsit
535 3227 633 3291 ira
682 3227 945 3292 caesaris
1579 3233 1645 3296 in
1693 3232 1961 3297 sublime
2007 3229 2189 3295 Sinai
2744 3233 2828 3294 55

314 3331 596 3396 fremens
641 3333 705 3396 in
751 3332 1093 3415 pupillam,
1392 3334 1474 3395 30
1673 3338 1755 3399 ab
1804 3333 2055 3417 angelis
2102 3339 2431 3416 portatur,

228 3437 392 3501 hora
434 3445 622 3500 sexta
670 3436 969 3519 praecipit
1581 3438 1736 3502 vivo
1780 3439 1960 3502 fonte
2005 3438 2133 3502 olei

317 3538 571 3613 ducere,
603 3541 937 3622 pusillam,
1670 3561 1908 3626 corpus
1954 3541 2331 3624 decoratur,

229 3647 692 3710 tormentorum
737 3662 982 3727 genera
1057 3675 1062 3681 ·
1580 3644 1733 3709 hinc
1777 3643 2124 3708 convaleat
2165 3643 2483 3727 languidi,
2837 3721 2843 3727 ¹

316 3762 558 3828 parans
604 3752 876 3829 propter
919 3743 1092 3808 illam
1669 3749 1930 3811 morbus
1984 3747 2327 3828 effugatur.
2746 3748 2847 3834 60,

404 3954 788 4009 Reichenauer
837 3952 932 4007 Hs.
986 3953 1093 4007 No.
1130 3955 1216 4009 36.
1254 3955 1335 4009 Bl.
1379 3959 1495 4010 144.
1568 3956 1735 4012 steht
1768 3957 1912 4011 auch
1948 3958 2005 4011 in
2043 3958 2146 4012 der
2181 3958 2521 4013 Miinchener
2555 3957 2652 4013 Hs.
2690 3956 2830 4013 Clm.

230 4042 388 4095 4423.
425 4037 464 4095 f.
499 4043 607 4096 306
641 4040 742 4098 des
782 4043 848 4095 15
883 4040 1080 4096 Jahrb.
1118 4040 1206 4095 als
1242 4041 1474 4114 Septem
1506 4044 1665 4099 horoe
1715 4045 1784 4099 de
1821 4062 1865 4098 s.
1905 4044 2243 4113 Katherina‚
2308 4046 2455 4100 ohne
2492 4044 2593 4099 das
2628 4044 2847 4126 Invita-¹

228 4128 454 4188 terium.
525 4128 626 4183 Die
662 4128 840 4184 Verse
879 4127 1063 4183 haben
1098 4129 1189 4182 hie
1227 4129 1336 4184 und
1373 4130 1446 4183 da
1482 4131 1606 4186 eine
1643 4131 2006 4203 iiberziihlige
2047 4131 2242 4203 Sylbe.

409 4277 472 4327 11
528 4273 831 4344 invocens,
884 4274 978 4332 Hs.
1083 4276 1151 4329 21
1210 4274 1471 4345 thempho
1494 4314 1509 4342 ‚
1560 4275 1658 4331 Hs.
1763 4278 1833 4329 22
1869 4274 2071 4334 intens.
2106 4278 2204 4334 Rs.
2308 4282 2379 4335 32
2414 4279 2695 4346 educare,
2725 4277 2819 4336 Hs.

228 4364 302 4416 39
338 4377 490 4417 coesa
526 4376 770 4432 caesare,
807 4363 904 4418 Hs.
985 4365 1057 4418 49
1091 4364 1445 4420 verissimum
1480 4364 1556 4419 ist
1592 4361 1686 4420 fiir
1720 4365 1829 4420 den
1865 4365 2020 4420 Reim
2058 4366 2269 4422 besser.
2339 4370 2408 4421 55
2445 4365 2691 4438 sublimi,
2726 4366 2817 4423 Hs.

228 4451 302 4506 59
335 4449 428 4505 hic
468 4449 787 4518 valuerunt,
823 4450 920 4504 Hs.

407 4596 474 4651 V.
509 4595 594 4650 57.
666 4593 798 4652 fons
845 4597 978 4653 olei.
1043 4599 1174 4669 Vgl.
1227 4600 1331 4656 No.
1383 4600 1552 4668 1004,
1593 4601 1676 4654 13.
1740 4600 1846 4655 Νο.
1899 4602 2064 4671 1005,
2105 4605 2189 4659 15.
2286 4605 2389 4660 Die
2429 4604 2702 4663 Griechen
2736 4606 2837 4662 be-

227 4686 492 4741 trachteu
530 4683 618 4739 die
653 4684 840 4759 sarge
892 4685 992 4742 der
1027 4687 1313 4759 ffirtyrer
1359 4686 1472 4744 und
1521 4686 1761 4743 auderet
1794 4687 2059 4762 Heiligen
2094 4689 2408 4764 gleichsam
2442 4693 2533 4751 als
2567 4696 2834 4754 Brunca

2274 4782 2421 4851 2⁴¹*
