3175 5234
1167 707 1344 781 838.
1419 705 1538 781 De
1590 729 1644 776 s.
1696 702 2108 776 Benedicto.

654 858 943 997 Christe,
989 910 1082 977 fili
1124 910 1289 978 Jesu
1334 909 1592 991 summi,
1638 916 1887 973 mentes
1930 916 2189 973 nostras
2232 906 2460 989 visita,

658 1016 1012 1100 coaequalis
1054 1015 1232 1100 patri
1272 1022 1470 1098 atque
1511 1019 1670 1081 nato
1714 1012 1883 1077 alme
1930 1010 2224 1096 spiritns,

659 1138 792 1187 unu
832 1120 1068 1201 virtus,
1111 1119 1331 1187 lumen
1374 1135 1599 1197 unm,
1646 1114 1811 1180 deus
1853 1132 2096 1199 perpes
2139 1134 2225 1180 ex
2272 1112 2416 1178 deo.

658 1284 856 1374 Auge
900 1286 1097 1355 fidem
1137 1306 1368 1371 puram
1413 1286 1655 1352 nostris
1701 1300 1960 1368 semper
1997 1285 2282 1349 clemens
2327 1284 2651 1366 sensibus,

659 1409 789 1474 quo
834 1391 1008 1456 beati
1050 1387 1388 1454 Benedicti
1432 1388 1719 1453 colamus
1765 1387 2135 1469 sollemnia,
2909 1388 2950 1448 5

660 1499 733 1559 ut
776 1491 1138 1576 exemplum
1182 1491 1275 1576 pii
1316 1491 1523 1576 patris
1565 1510 1650 1563 ne
1694 1489 1865 1554 desit
1914 1488 2282 1574 discipulis;
2838 1500 2847 1510 ·

661 1663 866 1743 Quem
909 1661 1166 1727 donasti
1210 1668 1355 1744 tuo,
1401 1659 1696 1744 christe,
1742 1661 1991 1726 coelesti
2037 1679 2181 1724 cum
2225 1679 2520 1742 munere,

661 1775 733 1832 ut
775 1766 1085 1830 honorem
1129 1762 1350 1829 mundi
1393 1781 1648 1829 omnem
1690 1771 1904 1828 mente
1948 1761 2457 1845 floccipenderet

660 1875 857 1952 teque
900 1869 1109 1933 solum
1154 1866 1398 1931 sontem
1449 1867 1605 1931 vitae
1650 1864 1957 1949 diligeret
1999 1866 2308 1949 perpetis,

661 2037 855 2105 Alme
902 2036 1145 2105 christi
1185 2038 1564 2125 sempiterni
1606 2036 1959 2103 Benedicte
2006 2036 2375 2118 confessor,
2872 2035 2953 2101 10

660 2162 804 2209 cum
847 2144 1087 2211 ceteris
1133 2141 1240 2207 dei
1284 2143 1526 2208 sanctis
1569 2160 1743 2208 nunc
1785 2159 1910 2225 pro
1954 2142 2141 2209 nobis
2186 2140 2485 2225 supplica

665 2245 962 2327 Christo,
1006 2263 1136 2329 quo
1181 2245 1487 2328 dignetur
1529 2262 1680 2310 esse
1724 2245 2016 2328 peccatis
2060 2244 2399 2330 propitius.

661 2412 851 2480 Doxa
894 2414 1022 2479 deo
1066 2414 1241 2497 patri
1286 2415 1516 2479 trinam
1560 2415 1647 2480 sit
1687 2416 1945 2499 regenti
1988 2412 2346 2481 machinam

664 2516 937 2601 ejusque
983 2517 1154 2598 proli
1198 2516 1340 2582 laus
1383 2536 1627 2601 perpes
1672 2537 1797 2584 nec
1839 2535 1969 2583 non
2016 2526 2242 2583 sancto
2286 2518 2652 2602 pneumati,

663 2619 849 2685 trinis
895 2620 1124 2702 quibus
1169 2619 1237 2683 in
1279 2620 1578 2703 personis
1623 2630 1861 2705 regnat
1902 2641 2032 2686 uua
2075 2619 2301 2685 deitas.
2872 2622 2954 2683 15

528 2779 625 2836 Hs.
660 2794 731 2835 zu
765 2777 1080 2851 stuttgart,
1117 2778 1372 2839 Breviar.
1414 2779 1522 2841 No.
1558 2780 1644 2839 08.
1683 2783 1749 2835 11
1787 2781 1983 2838 δεδι-ὴ.
2028 2782 2131 2837 mit
2162 2781 2441 2850 Nemea,
2488 2795 2592 2836 aus
2628 2778 2957 2839 zwifalten.

347 2865 447 2924 Hs·
482 2882 554 2922 zu
586 2865 879 2934 munchen,
915 2864 1055 2924 Clm.
1094 2866 1283 2921 19824.
1320 2866 1419 2922 des
1456 2868 1524 2921 15
1558 2866 1759 2924 Jahn-h.
1796 2868 1925 2937 (Β).
1994 2867 2193 2923 Diues
2227 2869 2339 2923 und
2375 2869 2478 2925 das
2513 2866 2781 2941 folgende
2817 2869 2957 2925 Lied

345 2953 478 3020 sind
517 2969 623 3010 aus
653 2952 759 3008 der
792 2957 983 3009 ersten
1018 2949 1212 3010 name
1247 2953 1348 3010 des
1382 2952 1772 3026 Mittelalters,
1808 2955 2283 3011 wahrscheinlich
2318 2973 2421 3013 aus
2458 2958 2581 3013 dem
2616 2958 2651 3012 6
2684 2955 2882 3014 Jahn-h.

523 3079 563 3133 ’1
597 3081 852 3148 tempore
885 3071 926 3131 f.
960 3075 1200 3151 Christe,
1235 3077 1297 3131 B.

871 3361 1046 3435 839.
1124 3359 1240 3432 De
1287 3385 1343 3431 s.
1397 3357 1811 3432 Benedicto.
1885 3358 1978 3431 ad
2027 3370 2433 3436 nocturnos.

350 3578 602 3662 Magno
647 3585 955 3645 canentes
999 3596 1214 3642 annua
1704 3578 2108 3662 resplenduit
2156 3578 2502 3663 prodigiis,

350 3698 525 3746 nunc
567 3677 923 3745 Benedicto
968 3681 1222 3747 cantica
1704 3688 1978 3746 ventura
2023 3680 2223 3746 saeclo
2267 3681 2650 3765 praecinens.

347 3783 639 3850 &namur
680 3776 875 3865 hujus
917 3782 1184 3866 inclytae

344 3882 722 3951 suavitatis
765 3881 1040 3967 gaudiis,
1703 3867 1853 3934 Non
1897 3875 2048 3933 ante
2092 3869 2306 3936 saeclis
2353 3870 2676 3953 cognitum

1704 3980 1901 4038 noctu
1926 3972 2128 4056 jubar
2169 3973 2537 4055 effulserat,

347 4074 477 4158 Qui
517 4073 698 4141 fulsit
736 4078 807 4139 ut
848 4072 1027 4139 sidus
1071 4092 1310 4141 novum
1557 4079 1601 4141 5
1706 4091 1835 4158 quo
1879 4082 2054 4139 totus
2099 4077 2278 4141 orbis
2320 4076 2609 4152 cernitur
2872 4075 2953 4137 15

345 4177 672 4246 mundana
714 4178 968 4264 pellens
1012 4179 1250 4262 nubila,
1705 4184 1776 4241 et
1817 4175 1965 4242 haec
2007 4184 2185 4242 terra
2228 4176 2641 4260 conspicitur.

333 4283 565 4355 ,dmin
606 4284 753 4368 ipso
795 4283 1015 4349 limine

331 4382 658 4467 ..nquit
699 4386 830 4451 aevi
870 4383 1126 4451 florida.
1706 4365 1812 4435 Sit
1854 4366 2122 4434 trinitati
2165 4368 2407 4451 gloria,

1705 4475 1792 4543 sit
1835 4490 2078 4556 perpes
2123 4478 2192 4536 et
2234 4470 2623 4552 sublimitas,

345 4566 812 4637 miraculorum
852 4579 1230 4656 praepotens
1706 4593 1855 4659 quae
1897 4582 2029 4638 tam
2070 4573 2404 4640 lucernam
2440 4569 2753 4659 fulgidam

345 4678 629 4741 attactus
674 4673 845 4739 almo
887 4673 1146 4741 flamine
1516 4678 1621 4742 10-
1706 4677 1975 4745 donavit
2013 4685 2238 4744 nostro
2284 4678 2549 4745 saeculo.
2867 4670 2955 4735 20
