3175 5234
1020 656 1192 730 691.
1271 654 1579 728 Andreae
1632 653 1952 754 apostoli.

193 861 344 946 Eja,
392 862 731 942 carissimi,
1544 858 1683 935 Quo
1729 859 1846 922 fuit
1890 860 2204 942 pendulus
2300 905 2313 916 .

193 963 413 1028 laudes
458 963 746 1045 hymnite
1542 962 1741 1026 biduo
1787 963 2010 1044 vivuS,
2708 971 2793 1034 20

193 1065 326 1147 regi
375 1063 663 1145 sidere0,
1545 1063 1820 1127 necdum
1867 1065 2206 1130 destiterat

191 1167 440 1250 perpeti
488 1165 655 1246 dee,
1544 1163 1851 1247 dogmata
1896 1168 2039 1228 veri

193 1269 381 1352 digne
426 1274 820 1352 procurante
1398 1270 1437 1330 5
1543 1265 1919 1348 impendere
1965 1268 2173 1350 plebi,

192 1372 423 1438 saecula
474 1379 724 1436 cuncta.
1542 1369 1771 1431 nolens
1817 1370 2030 1434 avelli.

195 1561 307 1638 Qui
358 1562 459 1626 bis
507 1582 628 1624 rex
673 1562 920 1643 socios,
1544 1561 1810 1626 Hunoce
1856 1559 2334 1643 Myrmidonum
2712 1570 2793 1630 25

192 1663 422 1727 famine
461 1665 714 1746 claros,
1543 1663 1779 1730 cultrix
1826 1685 2117 1730 errorum

191 1784 224 1826 a
265 1764 507 1828 mundo
553 1764 806 1828 sibimet
1544 1768 1735 1830 tellus
1779 1764 2058 1848 Achaia,

193 1867 387 1950 elegit
434 1867 593 1951 isto,
1359 1870 1441 1933 10
1544 1871 1722 1935 fonte
1769 1872 2046 1954 sancita,

192 1970 264 2034 de
311 1972 548 2053 quibus
595 1971 921 2051 magistris
1544 1969 1929 2053 profitentur
1972 1981 2224 2054 patrem

191 2074 487 2138 crederet
533 2073 727 2138 orbis.
1545 2081 1740 2155 atque
1786 2084 2158 2154 sequuntur.
2711 2080 2794 2144 30

190 2265 356 2328 Inter
410 2283 572 2346 quos
621 2266 917 2349 optimus,
1546 2260 1649 2325 Sit
1692 2262 1865 2344 patri
1910 2263 2152 2344 gloria,

190 2367 308 2431 fide
356 2387 704 2446 coruscuS,
1544 2377 1699 2428 nato
1746 2383 2025 2448 corona,

189 2468 489 2536 Andreas
534 2473 756 2536 rutilat
1356 2476 1433 2537 15
1545 2478 1770 2535 sancto
1819 2471 2067 2554 spiritui

193 2580 252 2636 et
293 2573 608 2657 tripudiat
1545 2571 1689 2635 laus
1740 2572 2067 2637 indefessa

195 2677 526 2743 dominicae
574 2680 786 2743 crucis
1545 2675 1887 2739 saeclorum
1936 2678 2231 2740 domino·
2707 2681 2791 2742 35

192 2780 410 2847 sunere
459 2802 708 2866 passus
1543 2799 1716 2843 nunc
1759 2790 1825 2842 et
1868 2781 1933 2843 in
1979 2801 2207 2844 aevum.

356 2963 458 3017 Hs,
498 2979 569 3015 zu
603 2962 661 3017 S.
698 2962 868 3016 Peter
904 2962 961 3016 iu
997 2962 1309 3033 Salzburg,
1348 2963 1429 3030 V,
1466 2965 1552 3016 24.
1594 2962 1690 3015 des
1733 2965 1798 3015 12
1832 2962 2028 3016 Jahrb.
2102 2962 2203 3015 Die
2241 2961 2525 3031 Stropheu
2565 2961 2690 3016 sind
2734 2963 2790 3016 in

194 3050 283 3104 der
317 3051 414 3105 Hs.
465 3051 523 3104 in
572 3054 606 3105 3
644 3051 836 3104 Zeilen
889 3051 1260 3122 geschrieben
1312 3051 1422 3105 und
1457 3052 1708 3121 gehfiren
1748 3052 1925 3104 ihrem
1966 3051 2118 3104 Baue
2155 3052 2299 3104 nach
2348 3050 2403 3103 in
2444 3050 2545 3104 das
2582 3051 2616 3101 6
2654 3048 2794 3103 oder

195 3139 224 3187 7
255 3138 452 3192 Jahrb.

353 3245 381 3295 1
409 3241 714 3308 karissimi,
734 3241 826 3294 Hs,
849 3241 992 3294 nach
1021 3240 1546 3311 alterSchreibung.
1584 3243 1620 3293 2
1648 3256 1793 3310 ymn.
1817 3240 1910 3293 Hs,
1959 3242 2031 3293 30
2050 3246 2327 3306 secuntur,
2348 3240 2441 3293 us.
2469 3239 2582 3293 alte
2603 3240 2786 3293 Form.

769 3525 939 3598 692.
1032 3524 1144 3594 De
1199 3535 1440 3595 sancto
1495 3522 1813 3594 Andrea.
1886 3521 2205 3622 hymnus·

194 3722 313 3810 Eja
356 3727 725 3809 fraterculi,
1542 3724 1839 3789 laudibus
1876 3726 2073 3808 justis
2715 3729 2793 3791 10

195 3827 313 3891 fide
358 3830 628 3912 repleti,
1543 3836 1614 3892 ut
1658 3829 1852 3892 simus
1898 3828 2074 3911 digni
2122 3830 2314 3892 talem

196 3930 467 4012 apostoli
514 3928 756 3993 Christi
1542 3932 1827 4013 psallere
1872 3941 2142 4015 patrem.

195 4032 349 4096 festa
397 4051 705 4097 canamus

196 4153 310 4199 non
354 4154 520 4201 sono
566 4144 808 4201 tantum
853 4139 1014 4221 oris,
1396 4142 1433 4201 5
1540 4122 1788 4205 Dignus
1836 4124 2155 4204 constitit,
2204 4143 2393 4204 quem

197 4237 301 4299 sed
346 4239 597 4302 chorda
642 4239 878 4303 cordis.
1542 4226 1702 4290 (leus
1751 4227 2006 4305 dilexit,

1539 4349 1863 4395 revocans
1909 4330 2251 4394 distantem
2713 4332 2793 4394 15

195 4425 416 4512 Imple,
466 4429 755 4511 Christe,
800 4433 1018 4512 nobiS,
1542 4435 1694 4497 fecit
1732 4434 2081 4516 doctorem,

198 4529 361 4609 quod
406 4539 506 4593 est
550 4551 854 4614 vacuum,
1542 4552 1663 4598 nos
1710 4535 1832 4597 reti
1876 4534 2031 4598 fidei

200 4633 494 4713 operibus
541 4636 814 4718 sanctis,
1533 4638 1776 4720 jubens
1824 4639 2084 4721 piscari.

2236 4736 2329 4801 7*
