3175 5234
329 477 516 543 Omni
560 474 849 557 degebat
891 479 1184 555 tenpore
1687 466 2101 532 desiderabat
2145 468 2405 552 ingredi

327 598 557 666 poenas
601 578 818 642 ferens
863 575 925 639 in
969 592 1288 658 corpore,
1687 572 1773 636 ad
1812 589 2054 636 coenam
2098 576 2249 653 aasz·
2288 574 2550 654 providi.

328 702 572 748 memor
615 689 864 745 tuorum
912 696 1208 762 operum,

330 792 608 856 emim,-
654 787 820 852 alme
863 786 1157 851 siderum·
1494 781 1578 842 20
1684 759 2007 823 Virtutum
2053 759 2313 822 tandem
2361 760 2560 824 titulis

1684 864 1961 928 imbutus
2008 871 2075 927 et:
2118 864 2445 928 miraculis
2854 869 2943 933 30

327 975 570 1040 Noctes
615 971 1014 1036 orationibus
1447 1036 1462 1049 ἱ
1686 967 1990 1049 migravit
2035 966 2120 1031 ad
2167 975 2231 1031 te
2277 966 2639 1051 dominum,

330 1075 600 1140 deduxit
643 1081 710 1136 et
755 1071 1117 1147 laboribus,
1684 1071 1882 1136 Jhesu
1922 1090 2160 1137 corona
2201 1075 2525 1153 viminum.

328 1196 452 1243 nee
497 1176 779 1241 cessavit
829 1176 911 1238 ab
959 1189 1158 1256 opere

319 1286 464 1365 jam
507 1280 663 1347 lucis
708 1284 841 1343 0,·ιο
884 1279 1102 1342 sidere,
1688 1260 1790 1326 Sit
1832 1262 1975 1326 laus
2019 1263 2191 1345 patri
2237 1281 2379 1327 cum
2426 1261 2562 1327 filio

1689 1382 1948 1447 semper
1987 1364 2053 1426 in
2091 1364 2242 1428 coeli
2289 1363 2456 1428 solio

329 1468 608 1552 Jejuniis
654 1487 725 1531 se
772 1486 1145 1548 macerans,
1493 1466 1576 1527 25
1689 1484 1939 1548 nosque
1986 1467 2333 1551 resplende
2381 1469 2632 1534 ooelitus
2853 1470 2942 1555 35

331 1574 712 1637 verberibus
759 1590 829 1635 se
875 1571 1202 1651 lacerans,
1684 1574 1828 1636 veni
1871 1577 2120 1637 creator
2162 1576 2440 1654 spiritus.

506 1752 601 1809 Hs.
638 1770 706 1807 zu
744 1753 802 1808 S.
841 1751 1041 1808 Gallen
1091 1752 1196 1808 No.
1226 1753 1346 1806 526.
1396 1769 1448 1823 p.
1485 1752 1607 1808 163.
1659 1755 1729 1807 14
1762 1753 1961 1808 Jahrb.
2044 1754 2108 1809 In
2142 1753 2325 1810 dieses
2361 1755 2498 1810 Lied
2536 1755 2660 1811 sind
2697 1754 2785 1808 die
2822 1757 2939 1811 An-
2988 1712 2995 1719 '

331 1836 507 1913 finge
542 1841 691 1897 alter
727 1841 979 1912 Hymnen
1017 1837 1347 1912 eingefiigt,
1384 1838 1496 1896 wie
1532 1839 1627 1895 bei
1661 1840 1767 1899 Ne.
1805 1841 1925 1899 788.

507 1967 578 2020 35
615 1964 894 2038 richtiger
931 1964 1151 2019 scheint
1184 1962 1291 2018 mir
1327 1963 1708 2035 resplendens.

999 2265 1175 2339 811.
1246 2264 1363 2337 De
1411 2290 1470 2337 s.
1520 2258 1841 2339 Antonio
1892 2260 2265 2337 Paduano.

332 2485 387 2550 0
432 2488 653 2569 proles
698 2486 1056 2567 Hispaniae,
1580 2485 1586 2491 ’
1686 2482 1852 2566 Fer,
1896 2480 2178 2567 Antoni,
2221 2487 2454 2568 gratiae

418 2607 629 2673 pavor
673 2587 1054 2668 infidelium,
1776 2582 2018 2649 Christi
2059 2588 2518 2671 patrocinium,

333 2708 508 2755 nova
550 2690 662 2754 lux
706 2690 944 2769 ltaliae,
1687 2709 1772 2754 ne
1816 2709 1941 2774 pro
1984 2692 2188 2775 lapsis
2231 2694 2444 2757 veniae

418 2795 634 2859 nobile
681 2792 1045 2876 depositum
1777 2800 2030 2878 tempus
2077 2798 2280 2860 breve
2329 2796 2644 2861 creditum

505 2897 683 2962 urbis
728 2895 1095 2977 Paduanae,
1542 2897 1582 2957 5
1861 2898 2103 2962 defluat
2138 2899 2347 2963 inane.
2858 2902 2942 2965 10

509 3082 605 3136 Hs.
645 3080 891 3138 sranztis.
927 3082 1262 3155 Tagzeiten,
1302 3084 1369 3135 15
1405 3082 1604 3138 Jahn-h.
1625 3123 1640 3151 ,
1688 3082 1762 3137 im
1798 3083 2207 3152 Privatbesitz,
2257 3086 2347 3141 als
2383 3087 2607 3141 oraison
2645 3090 2710 3141 de
2742 3103 2781 3142 s.
2820 3089 2943 3142 An-

332 3174 483 3243 toyne
518 3172 583 3226 de
617 3172 758 3227 Pade
813 3173 951 3241 (A),
1014 3171 1126 3227 und
1177 3172 1271 3227 Hs.
1310 3169 1409 3226 des
1444 3171 1995 3227 Minoritenklosters
2050 3191 2121 3228 zu
2155 3174 2347 3230 Padua
2400 3176 2506 3230 No.
2556 3176 2637 3229 88.
2686 3175 2786 3229 mit
2835 3175 2944 3230 der

333 3257 593 3329 melodis,
632 3261 701 3313 14
726 3260 922 3315 Jahrb.
959 3259 1047 3315 als
1083 3259 1408 3331 Antiphone
1442 3258 1518 3314 ad
1551 3259 1854 3315 matutinas
1891 3262 2016 3332 (B).

510 3385 538 3435 1
576 3378 837 3454 Ispagine
873 3384 939 3437 A.

507 3552 610 3606 Die
649 3552 745 3606 Hs.
779 3552 824 3607 B
864 3553 1083 3608 enthilt
1119 3552 1264 3607 auch
1299 3554 1446 3609 noch
1482 3551 1754 3625 fulgendo
1789 3552 2114 3623 Antiphona
2150 3554 2223 3607 ad
2259 3553 2480 3608 laudes:

543 3665 752 3726 Don‘ms
787 3671 860 3725 ab
895 3672 1143 3727 Antonio
1896 3689 2061 3743 quam
2096 3674 2266 3729 maris
2305 3672 2480 3729 elatio
2501 3714 2516 3741 ,

547 3770 723 3826 supra
757 3756 984 3811 Petrum
1025 3758 1307 3813 dominum
1901 3758 2103 3815 fluetus
2140 3777 2239 3815 seu
2278 3778 2390 3815 vox
2424 3757 2705 3815 fluminum

614 3842 807 3913 posita
842 3843 1152 3914 perstabit,
1970 3848 2122 3905 ultra
2159 3866 2271 3904 non
2308 3849 2579 3905 turbabit.

508 3986 569 4041 ln
624 3984 731 4039 den
781 3984 1028 4039 Kirehen
1075 3984 1455 4041 Oberitaliens
1508 3986 1686 4046 findet
1729 4006 1860 4046 man
1908 3990 2000 4045 hie
2046 3991 2159 4046 und
2208 3953 2282 4044 da
2328 3988 2625 4061 folgendes
2658 3987 2795 4044 Lied
2841 3984 2955 4042 anf

336 4075 525 4132 diesen
561 4075 821 4146 Heiligen
859 4073 1155 4147 gedruckt.

544 4199 608 4257 Si
644 4198 853 4271 quaeris
888 4198 1161 4254 miracula
1181 4237 1196 4264 ,
1905 4205 2105 4272 petunt
2139 4205 2198 4254 et
2234 4198 2517 4270 accipiunt

543 4306 727 4356 mors,
761 4304 959 4356 error,
997 4286 1319 4355 calamitas,
1962 4290 2206 4360 juvenes
2243 4294 2302 4343 et
2338 4288 2478 4343 cani.

544 4381 788 4448 daemon,
828 4381 990 4450 lepra
1026 4378 1277 4452 fugiunt,

743 4467 756 4478 .
1183 4467 1196 4479 .
1742 4404 1749 4417 ’
1901 4412 2146 4466 Pereunt
2182 4411 2438 4482 pericula

616 4482 759 4537 aegrr
800 4473 1041 4539 surgunt
1075 4484 1214 4522 sam.
1812 4484 1821 4491 ‘

1897 4504 2091 4557 *cessat
2125 4505 2184 4553 et
2219 4498 2558 4567 necessitas,

546 4587 761 4658 Cedunt
795 4605 948 4644 mare
969 4630 984 4657 ,
1020 4590 1278 4658 vincula,
1910 4594 2142 4642 narrent
2178 4588 2263 4655 hi,
2300 4588 2395 4658 qui
2428 4587 2704 4658 sentiunt,

544 4672 793 4727 membra
831 4690 1034 4744 resque
1067 4676 1321 4746 perditas
1974 4673 2162 4729 dicant
2196 4675 2462 4731 Paduani.
