3175 5234
803 718 976 793 964.
1033 718 1150 790 De
1176 737 1254 790 ·s.
1307 715 1649 788 Heinrieo
1703 715 1865 812 imp.
1919 711 2009 784 ad
2064 737 2252 811 vesp.
2310 709 2633 812 hymnus,
2698 773 2703 778 .

2104 884 2141 920 0

417 951 603 1023 Voce
647 974 818 1021 nunc
861 955 1110 1020 celebri
1778 955 1926 1021 Post
1968 972 2082 1020 sea:
2121 954 2425 1038 apparuit

422 1074 729 1122 canamus
773 1056 975 1120 incliti
1776 1061 1896 1141 illi,
1944 1060 2051 1142 qui
2096 1059 2331 1123 claruit

419 1160 573 1224 laeta
617 1161 951 1244 praeconia
1777 1161 1991 1226 multis
2038 1162 2383 1226 virtutibus

420 1262 641 1328 dehita
685 1260 898 1344 gloria
1780 1274 1847 1329 et
1891 1263 2135 1328 Christi
2179 1263 2508 1346 laudibus,
2977 1268 3049 1329 25

419 1365 707 1431 Heinrici
754 1364 1057 1445 caesaris3
1636 1365 1674 1426 5
1780 1366 1954 1450 quod
1999 1376 2424 1451 apparuerat,

425 1470 533 1552 qui
577 1467 779 1549 signis
817 1467 1018 1529 variis
1515 1489 1520 1494 ·
1777 1470 2018 1535 inscius
2064 1470 2309 1551 fuerat,

426 1569 717 1634 clarebat
760 1576 827 1631 et
871 1568 1208 1633 miraculis.
1776 1580 1920 1655 post
1960 1591 2075 1639 sex
2118 1589 2323 1637 anuos
2367 1582 2789 1658 perceperat.

423 1754 547 1820 Hic
592 1754 1003 1828 laudabiliter
1781 1759 2051 1826 Devotis
2102 1760 2411 1826 cordibus

423 1859 588 1922 vixit
631 1866 697 1922 et
743 1857 1058 1943 suaviter,
1782 1873 1850 1929 et
1891 1864 2072 1947 puris
2107 1864 2427 1927 mentibus
2976 1867 3051 1930 3⁰

424 1962 515 2026 nil
559 1963 936 2027 transitoria
1596 1966 1677 2028 10
1781 1967 1974 2051 hujus
2021 1966 2338 2032 coelicolae

424 2066 679 2131 curavit
722 2064 993 2149 gaudia,
1781 2070 1955 2134 valle
1998 2070 2278 2134 miserim

425 2169 647 2234 diviua
690 2170 926 2250 coluit,
1057 2155 1062 2160 ’
1780 2191 2125 2255 precemur
2165 2173 2449 2254 veniam,

424 2291 542 2339 cor
585 2293 815 2358 purum
860 2272 1111 2354 habuit,
1783 2286 1853 2343 ut
1897 2278 2084 2342 uobis
2131 2277 2410 2359 gratiam

423 2375 595 2439 viam
641 2375 867 2440 salutis
913 2376 1135 2438 tenuit.
1495 2365 1502 2372 ’
1781 2383 2085 2467 impetret
2130 2383 2280 2448 laete
2326 2382 2634 2449 coelicam.
2980 2387 3051 2449 35

425 2561 823 2627 Restaurans
868 2567 1098 2624 vetera
1596 2565 1674 2625 15
1785 2569 1887 2637 Sit
1929 2572 2102 2656 patri
2146 2572 2393 2656 gloria,

427 2684 571 2731 cum
616 2674 832 2729 mente
875 2665 1114 2745 libera,
1389 2671 1396 2682 ⁶
1783 2696 1907 2764 per
1951 2696 2140 2759 quem
2186 2676 2462 2741 victoria

428 2769 798 2853 templaque
843 2766 999 2832 vilia
1788 2775 1978 2842 datur
2022 2776 2325 2842 fidelihus

427 2872 583 2938 fecit
627 2871 838 2951 utilia,
1785 2880 1894 2946 hic
1935 2881 2360 2965 patientibu8‚

427 2995 550 3061 per
596 2973 835 3038 Christi
873 2973 1156 3058 gloriam
1507 2971 1516 2980 ’
1786 2983 1928 3049 laus
1974 2982 2117 3067 ejus
2154 2980 2290 3048 filio
2707 2966 2715 2974 ⁵
2978 2985 3053 3048 40

429 3079 709 3144 divinam
754 3079 1028 3162 gratiam
1595 3083 1678 3146 20
1786 3089 1870 3151 sit
1905 3086 2264 3169 unigenito,

425 3187 660 3251 meruit
704 3185 810 3250 hic
854 3193 920 3249 et
963 3185 1256 3269 patriam.
1784 3190 1994 3253 honor
2038 3196 2266 3255 sancto
2310 3190 2648 3274 paraclito.

603 3373 700 3428 Hs·
739 3389 808 3426 zu
844 3371 903 3428 S.
941 3369 1083 3426 Paul
1121 3371 1175 3425 in
1214 3360 1467 3426 Kiiruten
1515 3369 1623 3426 No.
1663 3371 1747 3426 5⁷.
1796 3375 1864 3426 15
1901 3372 2095 3427 Jahrh.
2144 3372 2243 3428 mit
2279 3371 2380 3428 der
2415 3371 2656 3428 Melodie
2695 3375 2838 3444 (A).
2922 3375 3057 3431 Bre-

428 3461 573 3515 viar.
611 3459 782 3515 Basil.
820 3475 933 3514 see.
972 3462 1057 3512 15.
1094 3456 1196 3515 fol.
1223 3459 1294 3513 89
1331 3457 1462 3529 (B).
1534 3459 1811 3514 Dasselbe
1844 3457 2285 3531 Stropheumase
2320 3461 2423 3517 hat
2460 3459 2565 3516 No.
2603 3461 2729 3515 334.

604 3584 672 3635 21
712 3581 803 3635 hic
839 3578 984 3638 fehlt
1019 3583 1083 3637 Α.
1115 3559 1124 3566 “
1154 3584 1226 3637 22
1262 3588 1396 3653 post
1433 3597 1545 3636 sex.
1602 3551 1681 3637 ss
1699 3580 1805 3637 No.
1839 3581 1962 3651 966,
2000 3583 2089 3635 13.

1123 3917 1295 3991 965.
1368 3915 1485 3988 De
1538 3941 1596 3990 s.
1647 3865 2015 3988 fieinrieo.
2098 3918 2344 3988 oratio.

430 4143 654 4231 Rogo,
701 4143 856 4210 felix
905 4165 945 4212 o
990 4146 1324 4232 Heinrice,
1788 4147 1863 4212 In
1908 4148 2212 4211 extremis
2259 4145 2648 4231 aGJuvamen

433 4249 617 4315 aufer
659 4250 865 4334 partis
909 4250 1185 4316 inimicae
1790 4257 1857 4314 et
1898 4249 2104 4314 ruinae
2149 4249 2523 4315 relex'rameu

519 4351 707 4418 dolos
753 4373 833 4420 ac
876 4355 1236 4442 fallaciam,
1875 4373 2075 4436 prece
2120 4362 2232 4420 tua
2275 4356 2523 4436 tribue,

434 4463 502 4519 et
544 4465 916 4524 cunctorum
951 4456 1334 4523 delictorum
1790 4466 1858 4522 ut
1902 4458 2231 4542 conjuncti
2274 4460 2614 4524 beatorum
2977 4458 3050 4520 10

433 4557 502 4620 in
543 4555 670 4620 hac
711 4559 847 4622 vita
890 4560 1372 4624 commissorum
1641 4560 1681 4622 5
1787 4560 1946 4626 sorti
1988 4560 2057 4624 in
2100 4577 2313 4643 reguo
2354 4559 2668 4625 coelorum

520 4656 707 4722 nobis
750 4673 951 4741 posce
994 4660 1267 4725 veniam.
1872 4663 2170 4728 loetenur
2210 4669 2552 4748 perpeme.
