3175 5234
337 329 344 334 .
463 272 593 336 818

1337 646 1514 733 945.
1576 645 1696 718 De
1742 669 1797 717 s.
1853 641 2195 743 Geor-gio.

467 851 670 918 Salve
714 852 902 917 fortis
945 851 1129 916 miles
1175 847 1447 932 Christi,

559 976 599 1021 o
647 956 894 1039 Georgi
935 955 1202 1038 nobilis,

469 1059 578 1125 cui
619 1055 752 1121 fide
797 1056 1134 1121 adhaesisti

555 1177 800 1225 summa
843 1165 1056 1223 mente
1103 1157 1370 1223 stabilis.

471 1348 838 1430 Transiens,
885 1346 1132 1412 athleta
1173 1348 1377 1426 bone,

553 1450 787 1535 Libyae
830 1449 1231 1534 provinciam

467 1573 753 1639 pugnam
797 1554 974 1636 geris
1019 1572 1162 1619 cum
1210 1551 1527 1632 dracone,

556 1675 597 1720 a
644 1671 770 1738 quo
812 1656 990 1738 regis
1035 1654 1234 1718 filiam

466 1843 912 1929 Populumque
957 1842 1220 1924 eruisti,

553 1964 744 2028 quem
787 1943 945 2010 flatu
988 1943 1304 2008 infecerat
1317 1991 1335 2021 ,

467 2056 535 2112 et
578 2047 664 2112 ad
708 2046 902 2111 fidem
949 2045 1367 2122 convertisti,

554 2167 682 2231 qua
723 2148 892 2213 male
937 2155 1291 2213 corruerat.

466 2337 629 2403 Dum
670 2337 899 2402 fideles
942 2355 1065 2419 per
1108 2344 1432 2401 tormenta

554 2456 862 2506 cerneres
908 2436 1195 2503 deficere

465 2541 911 2623 idolorumque
956 2547 1261 2625 portenta

551 2661 694 2727 prae
742 2644 969 2706 timore
1017 2642 1264 2721 colere,

467 2828 753 2896 Cunctos
797 2828 958 2892 deos
999 2844 1407 2912 paganorum

553 2933 795 3006 asseris
840 2930 1185 3013 daemonia,

464 3038 674 3102 libens
720 3035 881 3100 dura
926 3040 1387 3099 tormentorum

551 3140 836 3205 sustines
874 3137 1210 3223 supplicia.

435 3328 624 3396 ‘Nam
660 3328 1061 3394 membratim
1105 3327 1384 3391 laniatus

548 3450 622 3496 es
668 3441 734 3496 et
776 3439 958 3496 ustus
1004 3430 1284 3511 facibus,

449 3532 582 3597 'sed
623 3551 746 3616 per
791 3530 1119 3600 Christum
1163 3530 1569 3621 consolatus,

489 3727 498 3737 ὁ
549 3634 696 3699 luce
739 3635 981 3699 verbis-
1007 3634 1317 3700 dulcibus.

1680 1347 1718 1407 5

1620 1891 1731 2018 ³⁰·

1639 2543 1717 2603 15

1632 3137 1716 3199 20

1826 848 2005 914 Tunc
2049 854 2115 912 te
2152 847 2353 932 jussit
2396 847 2670 913 volutari

1910 952 1978 1014 in
2021 950 2273 1033 liquore
2314 951 2648 1035 plumbeo,

1826 1070 1955 1137 quo
2000 1060 2067 1118 te
2110 1053 2312 1117 sentis
2359 1052 2664 1120 delectari
2925 1052 2977 1115 35
3082 1059 3083 1086 ³

1911 1157 2093 1223 velut
2137 1155 2313 1223 dulci
2354 1157 2608 1224 balneo.

1823 1342 2011 1414 Hunc
2054 1345 2393 1430 promissis
2437 1353 2503 1411 te
2547 1344 2779 1412 hortari

1797 1445 1809 1456 ”
1913 1451 2132 1517 studet
2175 1459 2243 1518 et
2282 1453 2645 1536 blanditiis,

1826 1555 2113 1639 spondes
2159 1554 2321 1619 deos
2365 1557 2665 1621 venerari

1768 1644 1775 1652 ’
1910 1659 2084 1723 velle
2129 1658 2488 1725 sacrificiis.
2928 1654 2983 1717 4⁰
3086 1697 3087 1702 κ

1815 1847 2025 1914 -Plebe
2072 1865 2234 1930 ergo
2280 1848 2726 1931 praestolante,

1911 1968 2059 2032 quae
2108 1948 2475 2032 gaudenter
2518 1947 2721 2029 affuit,

1824 2060 1894 2117 at
1935 2059 2001 2117 te
2049 2050 2376 2118 Christum
2422 2059 2728 2118 exorante

1910 2153 2081 2238 ignis
2124 2172 2335 2220 vorax
2374 2155 2568 2222 irruit

1823 2342 1909 2413 Et
1953 2345 2303 2412 consumsit
2347 2343 2478 2408 cito
2523 2359 2721 2407 vanos
2932 2334 2988 2397 4⁵

1911 2448 2345 2533 templumque
2391 2444 2775 2511 comminuit·

1823 2551 2330 2632 sacerdotesque
2375 2549 2686 2633 profanos

1911 2664 2090 2720 terra
2131 2670 2285 2719 mox
2331 2652 2683 2719 absorbuit.

1825 2843 2005 2912 Tunc
2046 2864 2169 2930 per
2216 2844 2563 2914 civitatem.
2590 2846 2813 2907 tractus

1909 2948 2122 3030 capite
2167 2962 2319 3010 mox
2361 2944 2699 3029 plecteris,
2938 2929 2994 2992 5⁰

1820 3059 2071 3132 martyr
2117 3047 2359 3113 Christi
2401 3066 2675 3131 regnum
2719 3049 2913 3107 nactus

1909 3152 1993 3218 ad
2038 3171 2321 3236 superna
2363 3151 2645 3216 veheris.

1660 3409 1665 3414 .
1748 3402 1755 3408 .
1817 3345 1967 3434 Eya
2010 3352 2259 3427 martyr
2302 3320 2630 3426 gloriose,
2769 3389 2776 3396 .

1905 3467 2007 3512 me
2051 3448 2117 3511 in
2161 3445 2292 3511 fide
2335 3448 2611 3524 robora,

1650 3615 1655 3622 .
1774 3547 1781 3555 ’
1810 3569 1936 3635 per
1980 3557 2046 3613 te
2092 3545 2252 3612 deus
2297 3547 2589 3629 gratiose
2748 3550 2753 3556 '
2935 3528 2992 3592 55

1904 3672 2049 3717 mea
2094 3657 2284 3734 regat
2326 3658 2638 3734 tempora.
2762 3706 2767 3712 .

462 3819 733 3900 Quidam
779 3821 894 3887 tibi
939 3820 1089 3886 dum
1134 3823 1466 3905 praeberet
1514 3849 1543 3859 ··
1626 3825 1710 3887 25
1813 3827 1883 3896 A
1928 3830 2212 3896 dracone
2264 3829 2566 3894 infernali

546 3924 828 3992 toxicum
877 3924 1208 3992 maleficus

455 4030 846 4115 vidensque,
894 4030 1068 4113 quod
1114 4031 1205 4094 nil
1248 4037 1516 4096 noceret

542 4135 658 4200 tibi
675 4183 693 4216 ,
738 4134 814 4200 fit
858 4133 1232 4200 catholicus.

458 4325 551 4390 Te
596 4333 912 4409 tyrannus
958 4343 1155 4411 super
1199 4335 1408 4394 rotam

543 4429 906 4511 gladiosam
952 4432 1208 4513 statuit,

455 4550 648 4613 quam
693 4531 913 4596 divina
956 4533 1162 4599 virtus
1208 4541 1412 4599 totam

541 4650 693 4724 mox
733 4635 1092 4718 rumpendo
1137 4635 1424 4702 destruit.

1902 3927 2271 3999 salvet'me'
2304 3932 2617 4012 finaliter,

1690 4079 1695 4086 -
1813 4056 1898 4103 ne
1942 4056 2045 4100 me
2089 4055 2309 4102 morsu
2355 4034 2702 4119 gehennali

1624 4423 1710 4495 3‘0
1776 4499 1781 4504 .

1903 4138 2148 4204 cruciet
2190 4138 2580 4222 perenniter.
2943 4115 3001 4180 ⁶⁰

1814 4326 1950 4394 Sed
1995 4330 2079 4394 ab
2126 4327 2420 4393 omnibus
2466 4333 2725 4411 ereptus

1845 4451 1859 4462 ·
1898 4432 2085 4496 malis
2130 4432 2369 4496 sanctis
2414 4430 2653 4512 socier,

1815 4535 1964 4602 coeli
2007 4534 2281 4617 gloriam
2326 4533 2605 4624 adeptus

1900 4638 2159 4703 summis
2198 4637 2389 4704 bonis
2430 4637 2648 4703 satier.
