3175 5234
2683 277 2771 338 5⁷

154 439 261 494 Die
298 439 568 495 Griechen
619 441 823 495 stellen
872 442 929 496 iu
967 443 1258 499 iihnlicher
1293 447 1401 501 Art
1436 462 1777 502 zusammen:
1854 445 2072 522 ἄγγελε,
2137 449 2422 526 προφῆτα,
2479 450 2766 523 dudazela,

154 526 495 602 στρατιῶται,
533 525 846 602 πρόδρομε,
882 529 1172 602 &anuo-wi.
1225 532 1352 587 Jun.
1389 536 1476 587 24.

333 613 402 668 V.
436 617 519 667 21.
555 617 641 667 22.
696 616 1015 684 Propterea
1062 616 1355 672 Johannes
1401 620 1641 688 amplius
1692 637 1856 691 quam
1905 624 2188 692 propheta
2237 620 2417 680 dictus
2466 633 2552 683 est
2601 636 2660 685 et
2706 631 2763 685 in

151 707 308 762 natis
342 694 637 757 mulierum
680 717 793 756 non
829 701 1093 757 habuisse
1128 704 1420 776 majorem,
1458 707 1588 775 quia
1625 707 1913 778 prioribus
1943 711 2118 782 justis
2144 712 2522 781 praenuntiare
2550 720 2763 771 tantum

155 792 441 850 Christum
494 803 823 842 concessum
870 793 983 856 est,
1045 789 1174 844 huic
1224 795 1410 845 autem
1460 795 1518 846 et
1552 795 1932 862 praenuutiare
1969 796 2256 851 absentem
2292 803 2353 852 et
2388 799 2582 854 videre
2620 818 2765 872 proe-

153 884 406 946 sentem,
479 881 543 930 ut
603 875 731 929 huic
792 876 1109 931 inveniatur
1169 878 1455 948 patuisse,
1520 880 1669 948 quod
1736 881 1823 935 illi
1885 883 2192 953 cupierunt.
2291 888 2553 956 Angustia.
2617 894 2766 944 cont.

154 967 324 1023 Petil.
359 971 414 1035 2,
451 967 534 1019 87.

1035 1295 1206 1368 661.
1282 1296 1395 1366 De
1450 1322 1504 1366 s.
1558 1297 1906 1394 Josepho.

145 1529 408 1613 Joseph
453 1530 673 1613 stirpis
715 1529 1047 1621 Davidicae
1066 1580 1082 1613 ,
1506 1531 1768 1597 Adesse
1814 1536 1938 1599 tuis
1982 1535 2234 1601 famulis

145 1651 393 1716 sponse
440 1632 627 1695 almae
673 1631 1027 1715 theotocae,
1506 1635 1812 1720 dignare,
1861 1637 1990 1701 dux
2038 1640 2366 1721 amabilis,

145 1735 383 1800 adesto
428 1736 665 1799 nostris
708 1736 1044 1819 precibuS,
1507 1741 1789 1804 sentiant
1830 1748 2053 1806 nostra
2097 1751 2371 1826 pectora
2676 1750 2754 1810 15

145 1859 312 1922 quas
356 1840 474 1904 tibi
516 1841 625 1923 pie
668 1838 1006 1904 fundimus.
1503 1849 1616 1906 tua
1661 1862 1918 1927 semper
1955 1844 2309 1928 juvamina.

145 2029 200 2095 Ο
249 2030 538 2113 gloriose
581 2030 836 2114 bajule,
1358 2033 1397 2093 5
1503 2026 1557 2091 Ο
1604 2029 1791 2092 faber
1836 2031 2235 2109 beatissime,

140 2135 499 2200 monarche
544 2135 692 2199 coeli
736 2135 968 2215 curiae,
1502 2151 1810 2198 succurre
1857 2135 2313 2216 benignissime

136 2248 212 2304 ut
259 2237 458 2320 digne
503 2236 727 2301 demus
773 2237 1025 2302 cantica
1044 2284 1060 2317 ,
1500 2255 1747 2320 nosque
1792 2238 2119 2321 supplices
2168 2239 2422 2322 respice
2443 2287 2459 2320 ,

138 2348 374 2406 nostra
427 2339 720 2423 dirumpe
766 2340 1049 2405 crimina.
1498 2350 1657 2405 vota
1702 2360 2041 2405 servorum
2086 2343 2361 2426 suscipe.
2664 2345 2748 2409 20

135 2528 190 2592 0
242 2536 466 2594 custos
506 2528 726 2592 matris
771 2527 1044 2608 domini,
1494 2530 1780 2612 Praesta,
1827 2539 2017 2615 pater
2062 2532 2383 2615 ingenite,

135 2633 421 2698 devotos
466 2640 578 2695 tuo
617 2631 887 2712 nomini,
1311 2632 1390 2694 10
1494 2631 1659 2696 Jesu
1703 2651 1846 2696 oum
1893 2640 2119 2697 sancto
2165 2632 2459 2715 flamine,

131 2736 394 2820 Joseph
440 2736 625 2817 alme,
668 2755 789 2818 per
835 2752 1074 2818 aspera
1496 2742 1565 2799 ut
1607 2733 1861 2819 Joseph
1905 2735 2054 2799 almi
2098 2738 2402 2820 precibus

132 2841 329 2905 salva
373 2859 631 2923 semper
686 2847 755 2902 et
796 2856 1132 2922 prospera.
1485 2840 1842 2923 jungamur
1886 2843 1950 2904 in
1996 2842 2389 2906 coelestibus.

314 3025 413 3080 Hs.
450 3041 564 3080 von
599 3024 659 3080 S.
695 3025 865 3080 Peter
899 3025 1007 3080 No.
1042 3026 1113 3079 36
1149 3042 1218 3078 zu
1255 3025 1580 3091 Karlsruhe,
1616 3022 1844 3096 Ausang
1881 3025 1978 3080 des
2018 3028 2085 3079 16
2119 3027 2316 3082 Jahrb.

309 3151 347 3201 2
383 3148 656 3218 theodice,
692 3149 786 3202 Hs.
868 3149 936 3202 18
971 3164 1323 3216 succurrere,
1359 3148 1455 3203 Hs.

314 3270 417 3324 Die
452 3270 653 3325 Lieder
688 3268 793 3324 auf
820 3269 1010 3324 diesen
1045 3268 1307 3342 Beiligen
1362 3268 1488 3324 sind
1533 3269 1690 3323 nicht
1724 3266 1918 3340 hfiufig
1955 3270 2064 3323 und
2101 3270 2253 3324 nicht
2288 3270 2386 3324 alt.
2459 3271 2741 3326 Gereimte

129 3357 495 3428 Antiphonen
540 3355 648 3412 auf
686 3356 989 3412 deuselbeu
1038 3358 1239 3412 steheu*
1280 3357 1336 3410 in
1387 3356 1489 3411 der
1523 3357 1863 3410 Miinchener
1896 3356 1992 3410 Hs.
2044 3355 2178 3410 Clm.
2219 3358 2409 3410 10909.
2457 3374 2561 3412 aus
2618 3358 2740 3411 dem

131 3444 365 3517 Ansang
403 3445 503 3500 des
542 3446 845 3515 16¹·Jahrh.

604 3798 776 3872 662.
845 3800 959 3870 De
1012 3795 1389 3896 apostolis,
1446 3798 1518 3866 in
1565 3793 1894 3866 laudibus
1947 3793 2266 3893 hymnus.

546 3922 595 3967 ο

128 4036 426 4102 Aeterna
471 4034 712 4100 Christi
760 4054 1052 4117 munere,
1483 4035 1771 4099 coelestis
1820 4036 1986 4126 auiae
2031 4034 2265 4098 milites

129 4141 573 4226 apostolorum
619 4140 864 4222 gloria3
1484 4146 1550 4201 et
1588 4158 1750 4201 vera
1794 4136 2012 4200 mundi
2059 4137 2314 4199 lumina.

130 4244 357 4312 laudes
403 4246 691 4309 ferentes
738 4245 992 4308 debitas

131 4350 298 4414 laefig
343 4367 652 4414 canamus
698 4348 1013 4412 mentibus
1483 4328 1737 4393 DOVOia
1783 4334 2151 4392 Sanctorum
2198 4324 2383 4407 fides,

1479 4432 1721 4497 invicta
1765 4451 1917 4515 spes
1965 4429 2393 4512 credentium,
2648 4431 2727 4494 10

130 4536 571 4605 Ecclesiamm
613 4537 976 4622 principes,
1335 4536 1372 4596 5
1480 4534 1773 4617 perfecta
1820 4532 2059 4596 Christi
2104 4535 2343 4598 caritas

130 4640 279 4704 belli
324 4638 750 4723 triumphales
799 4636 1029 4716 duces,
1480 4634 1696 4699 mundi
1742 4635 2092 4719 triumphat
2137 4638 2510 4719 principem.
