3175 5234
366 257 460 326 86

548 439 617 494 V.
656 440 741 493 54.
797 437 1001 493 doctor
1037 435 1313 507 gentium,
1369 449 1436 490 so
1472 437 1645 490 neunt
1680 432 1778 489 ibn
1814 432 1959 488 auch
1994 434 2259 504 Anyti-sim.
2294 450 2480 492 sermo
2520 437 2641 504 162,
2681 439 2732 491 1.
2770 437 3018 494 doctor

369 524 663 580 nationum
710 525 1005 579 Tertullian-
1056 522 1125 576 de
1173 525 1474 575 resurrect.
1523 535 1675 574 carn.
1716 535 1761 574 c.
1797 521 1880 574 23.
1930 517 2107 594 κγ’ρυξ
2140 519 2249 575 τῶν
2294 519 2494 578 ἐθνῶν.
2568 524 2825 594 Chry-sod.
2863 539 3018 595 opp.

373 612 462 680 12,
497 613 620 666 352.
658 611 803 666 nach
839 613 867 663 1
910 608 1145 663 Timoth.
1181 610 1234 676 2,
1270 610 1321 660 7.
1376 606 1578 677 Ephes.
1617 608 1672 675 3,
1709 606 1758 661 8.
1829 606 2095 677 gentium.
2135 606 2320 662 Galat.
2346 611 2398 677 2,
2435 610 2485 664 8.
2521 610 2571 664 9.

548 697 619 752 V.
654 699 902 752 57-59.
949 693 1118 764 fides,
1154 711 1317 765 spes,
1354 694 1596 762 caritas,
1635 693 1778 748 nach
1816 693 2040 749 Coloss.
2080 696 2127 764 1,
2166 695 2219 747 4.
2258 697 2307 748 5.
2344 695 2369 748 1
2405 694 2538 751 Gor.
2576 696 2660 750 13.
2703 697 2787 750 13.
2833 695 3013 751 Rom.
3108 730 3121 740 -

369 782 1230 855 4,1...6181952....458
1299 779 3011 852 S.No.536,..‚.63N06841819.Rogantcredentee,

368 877 438 930 nt
472 872 581 926 sibi
618 875 898 942 augeatur
933 866 1102 936 fides3
1148 873 1361 939 rogant
1394 882 1504 939 pro
1542 884 1656 922 non
1693 866 2074 934 credentibus,
2129 870 2193 921 ut
2229 865 2311 922 eis
2348 865 2588 922 donetur
2622 863 2792 921 fides.
2842 871 2911 921 et
2948 868 3015 921 in

369 960 493 1018 suis
527 958 902 1023 incrementis,
938 963 998 1012 et
1041 957 1099 1011 in
1134 957 1252 1011 suis
1288 955 1461 1011 initiis
1495 955 1586 1011 (lei
1622 955 1826 1011 donum
1860 960 1950 1009 est
1982 951 2138 1009 fides
2206 956 2471 1025 Auyustin.
2506 954 2574 1011 de
2609 954 2879 1026 praedest.
2916 957 3015 1008 22.

556 1047 624 1099 V.
661 1048 746 1100 61.
783 1045 868 1100 62.
932 1044 1128 1110 hoste,
1181 1043 1423 1111 mundo,
1478 1057 1666 1097 carne.
1737 1041 1964 1096 Ebenso
2018 1040 2125 1096 No.
2178 1042 2302 1106 380,
2357 1042 2445 1109 29,
2498 1042 2584 1095 30.
2673 1039 2808 1112 Vgl.
2851 1040 3015 1094 auch

375 1132 487 1190 No.
525 1136 648 1203 512,
687 1136 771 1188 15.
822 1132 1096 1200 Νο.368,
1134 1133 1219 1184 14.

556 1222 626 1275 V.
664 1223 750 1276 62.
798 1218 1053 1286 stadium,
1105 1218 1189 1270 64.
1226 1215 1503 1285 bravium,
1540 1215 1814 1291 βραβεῖον,
1850 1213 1994 1268 nach
2031 1216 2060 1267 1
2101 1214 2233 1270 Gor.
2263 1215 2316 1282 9,
2351 1215 2438 1267 24.
2511 1213 2568 1269 S.
2604 1213 2711 1268 No.
2748 1213 2878 1282 688,
2917 1215 3015 1267 32.

562 1408 883 1480 Folgendes
918 1407 1095 1461 kune
1122 1403 1454 1475 Reimgebet
1488 1401 1596 1458 auf
1622 1403 1815 1458 diesen
1841 1401 2081 1474 Apostel
2117 1402 2271 1457 steht
2305 1401 2363 1455 in
2400 1400 2500 1456 der
2526 1401 2620 1456 Hs.
2652 1418 2722 1456 zu
2744 1400 3015 1457 Goblenz

380 1495 488 1552 No.
525 1496 644 1549 162.
680 1488 737 1550 S.
772 1496 859 1548 54.
898 1509 1001 1547 aus
1039 1492 1164 1547 dem
1201 1494 1270 1545 17
1304 1491 1500 1547 Jahrb.

527 1615 730 1682 Paule,
767 1630 870 1668 vas
906 1612 1229 1680 electionis,
1883 1624 1990 1663 ora
2024 1606 2237 1664 Christi
2272 1623 2375 1677 per
2412 1622 2688 1676 amorem,

530 1697 752 1769 quantis
786 1703 842 1752 te
881 1697 1124 1767 replevit
1159 1696 1322 1752 (lonis
1884 1712 1952 1750 ne
1989 1711 2095 1750 nos
2130 1696 2331 1750 mortis
2367 1694 2426 1749 in
2462 1711 2721 1750 errorem

600 1784 745 1838 mira
780 1782 873 1838 dei
906 1782 1118 1852 pietas3
1953 1783 2141 1838 mnndi
2176 1783 2371 1839 trahat
2405 1784 2644 1839 vanitas.

719 2152 893 2226 683.
961 2151 1049 2221 In
1102 2151 1460 2221 nativitate
1516 2145 1997 2248 apostolorum
2047 2147 2253 2219 Petri
2304 2157 2373 2219 et
2423 2146 2657 2218 Pauli.

381 2387 858 2473 Apostolorum
905 2388 1127 2469 passio
1745 2385 2169 2468 Praecinctus,
2215 2393 2285 2449 ut
2331 2383 2569 2449 dictum
2614 2392 2743 2468 est,
2791 2406 3010 2453 senex

388 2493 560 2556 diem
611 2491 897 2557 sacravit
942 2490 1197 2555 saeculis
1216 2536 1233 2570 ‚
1747 2495 1815 2553 et
1860 2489 2152 2553 elevatus
2199 2492 2282 2554 ab
2329 2490 2538 2554 altero
2556 2537 2575 2573 ,

384 2593 570 2664 Petri
611 2592 1002 2676 triumphum
1047 2591 1357 2668 nobilem,
1746 2607 1875 2672 quo
1920 2590 2154 2671 nollet,
2199 2589 2349 2673 ivit,
2399 2589 2516 2653 sed
2557 2590 2791 2653 volens

382 2696 573 2767 Pauli
616 2714 924 2761 coronam
967 2694 1347 2777 praeferens.
1744 2699 2019 2756 mortem
2064 2693 2326 2774 subegit
2372 2710 2688 2775 asperam.
2916 2692 3013 2757 20

387 2901 743 2988 conjunxit
788 2899 1075 2980 aequales
1120 2898 1299 2961 viros
1600 2897 1638 2958 5
1744 2896 1911 2963 Hinc
1953 2897 2161 2962 Roma
2208 2900 2452 2964 celsum
2494 2900 2808 2966 verticem

389 3025 587 3076 cruor
632 3004 1034 3088 triumphalis
1079 3002 1289 3084 necis,
1748 3000 2112 3064 devotionis
2158 3002 2421 3085 extulit,

387 3110 581 3174 deum
618 3116 876 3173 secutos
923 3105 1240 3191 praesules
1744 3102 2015 3166 fundata
2062 3104 2173 3168 tali
2219 3107 2534 3188 sanguine

388 3212 637 3280 Christi
680 3212 1019 3278 coronavit
1062 3207 1246 3273 fides.
1748 3213 1815 3269 et
1858 3213 2011 3270 vate
2056 3215 2238 3273 tanto
2283 3211 2535 3276 nobilis,

381 3420 638 3488 Primus
681 3418 914 3482 Petrus
959 3414 1326 3498 apostolus,
1746 3410 1972 3476 Tantae
2015 3432 2138 3495 per
2182 3414 2362 3478 urbis
2409 3414 2711 3478 ambitum
2914 3414 3007 3476 25

384 3540 512 3585 nec
555 3519 796 3584 Paulus
840 3520 1026 3598 inpar
1072 3514 1318 3595 gratia,
1556 3514 1638 3575 10
1745 3516 1985 3599 stipata
2031 3516 2300 3581 tendunt
2347 3518 2635 3601 agmina,

388 3620 730 3685 electionis
773 3637 893 3681 vas
937 3636 1145 3681 sacrae
1745 3619 1932 3682 trinis
1978 3620 2349 3685 celebratur
2385 3622 2510 3683 viis

387 3722 572 3790 Petri
619 3718 987 3800 adaequavit
1029 3719 1243 3783 fidem.
1744 3724 1950 3787 festus
1995 3741 2329 3787 sacrorum
2373 3730 2745 3805 martyrum.

386 3924 607 3993 Verso
652 3925 863 3989 crucis
907 3923 1171 4006 fastigio
1744 3927 2019 3996 Prodire
2065 3929 2207 4012 quis
2253 3928 2554 3993 mundum
2598 3936 2783 4012 putet
2801 3976 2819 4011 ,

385 4027 645 4108 Simon,
691 4026 1004 4090 honorem
1052 4023 1213 4088 dans
1262 4023 1413 4107 deo,
1746 4041 2139 4095 concurrere
2183 4033 2444 4116 plebem
2487 4033 2649 4116 poli,
2912 4033 3007 4095 30

387 4149 745 4216 suspensus
790 4127 1112 4209 ascendit,
1160 4126 1294 4191 dati
1558 4128 1640 4190 15
1748 4131 1959 4195 electa
2003 4133 2287 4214 gentium
2334 4121 2533 4217 caput

387 4252 523 4304 non
565 4236 876 4298 inmemor
921 4230 1185 4296 oraculi.
1745 4231 1940 4297 sedes
1982 4234 2275 4318 magistri
2320 4237 2624 4318 gentium.

566 4432 663 4487 Hs.
712 4449 782 4486 zu
829 4434 1138 4489 Karlsruhe
1194 4450 1246 4489 o.
1283 4434 1388 4490 No.
1444 4435 1515 4488 14
1561 4433 1759 4490 Jahrb.
1822 4434 1909 4489 Bl.
1957 4436 2045 4489 33.
2098 4435 2200 4490 mit
2247 4435 2348 4491 der
2383 4435 2627 4492 melodia
2678 4437 2828 4505 (K),
2902 4435 3005 4490 bei

385 4517 616 4574 Thomas.
652 4536 708 4591 p.
744 4520 852 4574 388
906 4522 1033 4592 (1)).
1116 4522 1212 4576 Hs.
1268 4538 1338 4577 zu
1392 4520 1641 4576 Admont
1685 4521 1791 4576 No.
1846 4522 1914 4576 18
1969 4522 2070 4577 des
2121 4524 2187 4576 12
2240 4523 2437 4578 Jahrb.
2491 4523 2566 4578 ad
2613 4523 2810 4577 laudes
2864 4523 3002 4591 (A).

379 4604 480 4663 Hs.
529 4623 600 4661 zu
645 4606 940 4677 Stuttgart
987 4608 1151 4662 BreV.
1188 4610 1259 4663 98
1313 4608 1411 4664 des
1461 4611 1527 4663 11
1565 4608 1762 4666 Jahrb.
1819 4608 1923 4664 mit
1956 4607 2232 4668 Neumen:
2287 4612 2347 4668 in
2392 4611 2572 4668 natali
2619 4629 2665 4667 s.
2705 4610 2868 4667 Petri
2923 4606 3007 4661 ad
