3175 5234
2626 288 2761 351 1⁷1

646 751 817 826 766.
886 746 1092 824 Afrae
1146 761 1216 824 et
1266 753 1617 826 sociarum
1670 750 1840 850 ejus.
1922 752 2305 850 sequentia.

155 1036 445 1103 Gloriam
492 1033 618 1099 deo

153 1139 326 1223 patri
371 1155 682 1204 canamus

154 1251 215 1307 et
258 1242 434 1323 filio,
493 1248 717 1306 sancto
762 1241 1079 1324 paraclito
1095 1288 1112 1323 ,

153 1403 269 1482 Qui
319 1405 411 1467 ab
457 1421 611 1468 arce
654 1401 890 1487 patris,
1370 1404 1408 1464 5

157 1507 318 1572 deus
366 1525 650 1572 summus
696 1514 764 1570 et
804 1503 1086 1586 humilis,

152 1672 397 1736 Missus
440 1668 619 1733 venit
662 1669 833 1732 mitis
855 1716 872 1751 ,

153 1775 405 1839 intrans
451 1781 704 1838 uterum
747 1772 1053 1855 virginis,

153 1936 236 2003 Ut
279 1943 676 2021 peccatores
722 1942 988 2000 sanaret

154 2048 219 2105 et
252 2040 481 2123 justos
523 2038 773 2103 faceret
794 2084 812 2119 ‚
1331 2039 1412 2100 10

152 2151 222 2206 ut
266 2141 612 2223 dispersos
658 2148 1128 2223 congregaret,

153 2246 449 2310 liberans
491 2244 802 2328 perditos.

153 2408 493 2488 Quosdam
538 2408 740 2491 ele-git

153 2513 377 2595 plebis
424 2511 730 2577 doctores

152 2615 514 2697 praefectos
542 2622 608 2678 et
636 2612 936 2680 ecclesia>
964 2620 1284 2697 pastores,
1334 2614 1414 2676 15

153 2773 384 2839 variis
428 2774 633 2855 signis

156 2887 227 2942 et
278 2876 679 2940 documentis

155 2979 381 3045 multis
406 2980 515 3061 qui
538 2985 999 3043 converterent
1013 2987 1416 3062 peccatores.

165 3142 564 3209 Promittens
608 3142 864 3206 veniam
910 3148 976 3206 et
1020 3142 1219 3205 vitam

163 3243 586 3311 credentibus
630 3245 694 3308 in
740 3263 811 3308 se
856 3244 1245 3327 hominibus,
1333 3245 1417 3308 20

159 3409 257 3475 Ut
293 3409 483 3492 regui
531 3410 835 3474 concives
880 3409 1164 3474 coelestis

161 3514 522 3598 participes
571 3520 790 3576 essent
835 3521 902 3577 et
945 3521 1299 3579 consortes,

163 3677 530 3743 Peccantes
571 3678 845 3759 puniens
891 3676 1356 3761 delinquentes,

163 3782 538 3863 corrigens,
585 3779 937 3844 emundans
985 3782 1385 3864 poenitentes,

165 3891 468 3948 errantes
514 3882 987 3967 condemnans,
1335 3886 1418 3947 25

171 3984 404 4049 fideles
450 4002 744 4067 quosque

167 4097 239 4152 et
273 4087 493 4171 justos
538 4089 929 4155 salvificans.

173 4249 297 4327 Qui
341 4251 547 4334 signis
590 4255 912 4336 reprobos
956 4262 1022 4318 et
1059 4254 1371 4339 exemplis

173 4353 480 4418 virtutum
525 4355 850 4420 miraculis
894 4357 1225 4442 instruxit,

173 4475 299 4541 per
340 4459 613 4522 verbum
660 4456 886 4522 salutis

174 4566 244 4622 et
287 4560 583 4626 veritatis

175 4659 549 4726 incredulos
595 4664 898 4729 correxit.

1511 1034 1612 1100 De
1658 1052 1926 1117 qnorum
1983 1032 2264 1115 collegio

1514 1140 1853 1204 confessor
1900 1137 2105 1201 almus
2147 1135 2491 1202 Narcissus

1511 1240 1758 1325 praesul
1804 1239 2067 1320 claruit3
2683 1239 2766 1301 35

1511 1403 1884 1488 Augustam
1931 1404 2040 1486 qni
2084 1402 2242 1468 adiit

1515 1507 1601 1572 ad
1646 1506 1899 1572 domum
1946 1507 2255 1589 ignorans
2300 1502 2492 1570 Afrae

1514 1620 1580 1676 et
1625 1610 1932 1675 introivit.

1513 1770 1611 1837 At
1652 1772 1764 1837 illa
1809 1772 2103 1854 gaudens

1513 1892 1641 1960 pro
1685 1884 1975 1941 amatore
2685 1875 2768 1938 40

1516 1979 1793 2044 electum
1838 1979 2186 2061 praesulem
2231 1981 2552 2063 suscepit3

1519 2140 1829 2208 Sanctum
1875 2156 2309 2224 cognoscens,

1517 2245 1785 2329 plorans
1831 2253 1898 2311 et
1943 2264 2211 2328 gemens

1522 2348 1665 2432 ejus
1711 2349 1987 2433 pedibus
2032 2367 2104 2412 se
2148 2346 2526 2432 prostravit.

1519 2526 1618 2595 At
1659 2531 1955 2617 pontifex
1994 2539 2065 2595 ut
2106 2529 2432 2615 percepit,
2686 2522 2769 2590 45

1526 2632 1786 2698 domino
1829 2652 1952 2719 pro
1996 2633 2111 2699 illa
2154 2651 2390 2718 preces
2434 2630 2625 2712 fudit,

1519 2810 1595 2876 In
1646 2810 1778 2875 fide
1824 2830 2017 2877 sacra
2061 2811 2398 2894 instruxit,

1521 2938 1664 2982 eam
1711 2935 1901 2983 sacro
1946 2918 2125 2982 fonte
2172 2926 2239 2982 et
2284 2916 2505 2982 abluit.

1521 3096 1683 3163 Post
1727 3097 1871 3160 haec
1912 3092 2083 3160 Afra
2130 3094 2487 3176 exquiritur

1523 3201 1732 3278 mima,
1781 3198 2140 3263 terroribus
2160 3246 2178 3281 ,
2692 3197 2776 3259 50

1525 3301 1694 3367 dolis
1742 3305 2121 3379 attentatur,

1527 3402 1940 3468 christianam
1986 3417 2133 3462 sese
2177 3403 2601 3481 protestatur.

1526 3583 1641 3650 Ad
1685 3582 1865 3647 idola
1907 3580 2344 3665 compellitur,

1526 3687 1746 3749 vincta
1791 3682 2157 3764 adducitur,

1516 3787 1725 3873 judici
1769 3793 2233 3871 praesentatur,
2695 3780 2779 3844 55

1527 3889 1857 3956 Christum
1907 3888 2106 3956 corde
2153 3895 2221 3952 et
2264 3906 2379 3952 ore
2424 3887 2682 3952 fatetur.

1527 4070 1797 4154 Ignibus
1841 4068 1995 4131 viva
2039 4066 2235 4130 datur
2261 4112 2279 4144 ,

1529 4173 1800 4237 flammis
1845 4170 2138 4235 exuritur

1531 4277 1754 4357 sicque
1798 4280 2047 4355 martyr
2087 4270 2383 4335 efficitur.

1342 4460 1426 4524 30
1531 4455 1844 4542 Spiritum
1888 4453 2056 4519 coelo
2100 4449 2418 4535 reddens,
2701 4446 2785 4514 60

1534 4561 1726 4627 deum
1772 4557 2163 4625 benedicens

1536 4672 1783 4729 aeterna
1827 4661 1997 4727 dona
2043 4659 2352 4746 possidet.
