3175 5234
458 479 668 520 neuere
703 464 958 536 Hymnen
993 466 1142 534 (von
1172 462 1346 533 18²3)
1379 462 1755 536 abgodruckt,
1789 461 1881 518 die
1923 462 2046 520 sich
2070 477 2231 518 mr
2256 460 2449 518 durch
2474 460 2780 518 net-isene
2804 460 3034 533 eannu-

457 552 578 607 keit
627 551 739 607 und
791 550 1082 623 gewfihlte
1129 550 1384 621 Sprache
1438 550 1808 606 auueichnen
1822 590 1837 617 ,
1901 549 2040 604 aber
2096 548 2281 604 durch
2322 548 2490 603 diese
2539 547 2852 603 klassische
2892 547 3036 603 Nach-

458 638 704 710 ahmung
751 653 866 693 von
915 638 1038 693 dem
1075 636 1430 692 kirchlichen
1471 631 1670 694 Geiste'
1712 641 1896 692 etwas
1944 635 2274 708 eingebdset
2318 635 2540 690 haben.
2612 634 2730 691 Das
2762 633 2891 689 Lied
2918 633 3035 689 steht

458 727 605 782 auch
639 727 698 780 in
733 726 879 781 zwei
914 725 1253 782 Gradualien
1289 743 1334 781 s.
1370 724 1623 782 Heinrici
1667 726 1768 781 des
1806 728 1874 779 12
1909 724 2103 781 Jahrb.
2151 725 2212 779 in
2265 725 2372 781 der
2424 723 2764 779 Bibliothek
2810 739 2876 777 zu
2910 721 3036 775 Ban-

461 814 604 885 berg
639 813 684 869 G
720 812 797 881 D,
861 827 1077 868 voven
1123 812 1276 867 diess
1328 829 1419 868 am
1463 809 1698 885 Λαΐας
1744 809 1942 868 defekt
1986 811 2089 881 ist,
2152 812 2264 867 und
2310 812 2373 867 in
2412 811 2524 867 der
2560 812 2661 867 Hs.
2700 827 2772 866 zu
2803 809 3038 879 Bamberg

456 900 557 957 td.
593 900 676 955 111.
714 900 762 954 6.
797 898 900 954 des
938 903 1007 953 12
1041 899 1239 956 Jahrb.
1276 899 1416 969 (E),
1476 916 1545 955 so
1582 899 1695 955 wie
1729 898 1790 953 in
1826 899 1928 954 der
1962 898 2060 954 Hs.
2097 915 2167 953 zu
2204 898 2453 962 S.,Paul
2491 899 2554 953 in
2594 899 2844 953 Kirnten
2876 895 3038 950 Now

459 989 560 1044 des
600 989 667 1040 15
703 987 896 1042 Jahrb.
949 987 1068 1057 (F).
1140 988 1241 1042 Die
1276 987 1489 1043 Worte
1525 987 1595 1042 V.
1636 988 1717 1042 13.
1747 992 1865 1058 post
1897 1002 1999 1041 sex
2045 986 2313 1041 beziehen
2358 985 2498 1041 sich
2537 981 2649 1049 auf
2676 985 2801 1039 eine
2834 982 3041 1039 Brachei-

457 1092 613 1148 nung
661 1076 763 1131 des
811 1075 1043 1131 Kaisers
1092 1075 1260 1147 (vita
1294 1091 1342 1130 c.
1377 1078 1427 1130 2.
1460 1076 1645 1132 Soller.
1694 1092 1749 1145 p.
1784 1078 1897 1144 45)
1917 1115 1932 1144 ,
1996 1076 2237 1131 wonach
2286 1089 2353 1130 er
2405 1074 2574 1130 dieze
2614 1073 2827 1127 Wortc
2871 1086 2934 1124 an
2967 1069 3040 1122 der

460 1163 882 1217 Kirchenwand
918 1163 1083 1217 seclis
1118 1163 1294 1220 Jahre
1344 1178 1456 1218 vor
1487 1162 1678 1220 ceiner
1712 1157 2183 1234 misethra-ung
2217 1163 2336 1217 sah.
2412 1160 2587 1216 Nach
2623 1158 2690 1213 V.
2726 1161 2762 1213 6
2797 1159 2870 1213 ist
2899 1156 3040 1210 diem

458 1248 594 1303 Lied
643 1245 739 1304 fiir
791 1248 882 1304 die
935 1248 1274 1303 Domkirche
1323 1264 1394 1303 zu
1442 1248 1732 1319 Bamberg
1777 1248 2040 1319 gemacht
2074 1249 2315 1304 worden
2335 1287 2352 1318 ,
2421 1248 2614 1303 deren
2650 1242 2853 1302 Stifter
2883 1242 3040 1298 Kaisa

460 1337 729 1393 Heinrich
765 1337 827 1392 ll.
868 1352 1006 1391 war.

642 1472 709 1523 11
747 1466 960 1539 psallat
1005 1467 1073 1520 A.
1148 1468 1215 1519 15
1252 1429 1438 1522 tituta
1470 1466 1528 1522 r.
1613 1468 1687 1521 ιο
1720 1473 1859 1523 nota
1887 1469 1957 1524 A.
2025 1467 2097 1522 28
2132 1467 2260 1522 dnm
2298 1469 2366 1526 A.
2439 1470 2520 1522 34
2560 1481 2846 1524 coronans
2881 1460 3038 1524 Bour-

459 1556 678 1612 ³6—1w
711 1554 910 1609 stehen
945 1551 1003 1606 in
1038 1554 1085 1607 D
1121 1554 1265 1608 nach
1300 1554 1388 1606 30.
1472 1555 1546 1609 39
1580 1559 1757 1610 vacat
1792 1554 1947 1612 CDE.
2039 1556 2106 1609 41
2151 1555 2280 1610 dum
2316 1556 2502 1612 c—F.
2580 1557 2653 1609 52
2688 1550 2967 1608 coronavit
2989 1549 3039 1613 Δ,

456 1642 649 1715 gloria
683 1642 748 1697 B.

1107 1901 1283 1999 967.
1348 1923 1646 1998 Helenoe
1686 1926 1970 2026 reginae.
2043 1927 2432 2024 sequentia.

455 2152 570 2231 Ad
617 2156 926 2219 honorem
972 2156 1199 2219 summi
1242 2155 1423 2237 regis
1815 2155 1901 2220 ad
1947 2173 2062 2220 cor
2105 2153 2307 2235 redit,
2354 2155 2468 2236 qui
2517 2151 2771 2217 erravit

456 2271 607 2336 noe,
653 2255 763 2336 qui
806 2272 1023 2319 sumus
1070 2269 1230 2318 oves
1275 2253 1501 2335 gregis
1815 2268 1883 2323 et
1928 2257 2190 2340 adorat,
2236 2255 2409 2339 quod
2460 2254 2804 2321 damnavit

544 2355 854 2440 spiritalis
899 2375 1190 2441 pascuae,
1894 2360 2187 2444 judicum
2230 2360 2506 2425 saevitia.

453 2476 575 2524 ore
620 2458 850 2523 laudes
896 2459 1267 2540 attolamus,

458 2582 651 2626 manu
692 2562 905 2626 lumen
951 2563 1380 2645 praeferamus

545 2663 865 2748 lampadis
911 2682 1043 2729 non
1086 2682 1332 2730 vacuae.

1669 2497 1708 2628 5
1815 2525 1956 2590 Iras
2002 2533 2220 2589 truces
2263 2544 2435 2589 nunc
2473 2521 2752 2608 deponit
2971 2508 3034 2571 2⁵

1817 2637 1885 2692 et
1929 2626 2171 2710 vagina
2215 2646 2288 2691 se
2333 2629 2600 2712 reponit

1902 2729 2356 2813 persequentis
2400 2729 2686 2812 gladius,

459 2827 595 2911 Ipsi
642 2827 851 2890 honor
893 2828 1033 2891 sine
1077 2826 1235 2910 fine,
1814 2833 1969 2897 licet
2015 2829 2323 2915 quidquid
2368 2833 2471 2895 vis
2499 2881 2517 2913 ,
2561 2832 2854 2896 hortatur

459 2932 569 3015 qui
610 2931 880 2995 Helenae
928 2931 1040 2997 dat
1082 2933 1331 3016 reginae
1816 2933 2040 3000 Sixtus
2085 2956 2287 3021 papa,
2324 2935 2466 3019 jam
2513 2940 2823 3009 testatur,

546 3036 718 3100 felici
768 3038 1155 3104 commercio
1903 3038 2221 3121 dispergit
2262 3035 2676 3104 Laurentius.
2967 3016 3033 3080 3⁰

456 3159 727 3222 regnum
773 3141 922 3205 coeli
964 3160 1087 3225 pro
1130 3151 1426 3224 terreno,
1628 3142 1709 3206 10
2790 3129 2797 3134 ’

1815 3201 1972 3284 Sed,
2019 3211 2089 3268 ut
2130 3212 2325 3268 notus
2352 3172 2551 3269 ‘esset
2596 3202 2779 3294 deus,

1814 3315 1880 3370 et
1922 3306 2311 3388 praeclarum
2355 3324 2593 3372 nomen
2636 3303 2783 3387 ejus

1901 3408 2104 3474 efficit
2146 3410 2211 3473 in
2255 3410 2589 3493 gentibus,

457 3243 567 3308 ubi
610 3263 696 3306 ex
739 3243 867 3309 hoc
910 3243 977 3308 in
1022 3244 1149 3311 hoc
1191 3246 1390 3329 pleno

542 3362 714 3409 nunc
758 3353 1014 3410 eructat
1054 3346 1315 3428 gaudio.

439 3505 647 3573 ‚Felix
692 3506 838 3571 haec
882 3506 1134 3572 felicem
1180 3483 1440 3594 natum,
1813 3511 1991 3576 Indis
2036 3510 2298 3594 quidem
2344 3519 2410 3574 et
2452 3509 2690 3590 Iberis,

455 3607 673 3672 lumen
719 3610 898 3673 orbis
944 3619 1010 3674 et
1054 3620 1350 3676 ornatum
1812 3623 1967 3699 post
2005 3613 2331 3678 Armenos
2367 3613 2589 3698 junxit
2630 3608 2807 3677 veris
2962 3589 3028 3654 35

476 3734 482 3740 ·
543 3705 1034 3774 Constantinum
1078 3715 1331 3800 genuit,
1631 3715 1711 3776 15
1901 3716 2054 3782 fidei
2100 3718 2470 3783 cultoribus.

457 3816 526 3874 et
569 3828 712 3873 cum
757 3827 838 3872 eo
884 3818 1111 3876 contra
1157 3812 1385 3895 fidem,

456 3913 516 3977 si
560 3911 688 3995 qua
735 3913 868 3976 lata
914 3921 1101 3977 erant
1143 3914 1427 4000 pridem,

546 4016 858 4099 abrogari
901 4016 1139 4080 statuit.

1814 3880 2027 3965 Erg0‚
2075 3901 2221 3964 quae
2266 3883 2436 3948 hanc
2482 3878 2791 3966 genuisti,

1812 3993 2022 4049 mater
2066 3985 2238 4068 ejus,
2296 4005 2535 4070 sponsa
2584 3978 2850 4054 Christi,

1900 4098 2126 4154 sancta
2172 4090 2409 4178 gaude,
2436 4088 2768 4167 Treveris,

456 4180 685 4248 Mundi
732 4183 897 4246 fides
943 4191 1044 4249 est
1086 4185 1154 4248 iu
1198 4191 1368 4269 tutu,
1814 4199 1882 4257 et
1928 4211 2044 4256 nos
2091 4194 2277 4258 simul
2322 4194 2749 4275 gratulemur,
2958 4163 3025 4230 4⁰

448 4285 666 4368 jacet,
709 4295 883 4353 tacet
928 4306 1042 4353 ore
1087 4297 1267 4356 muto
1627 4292 1711 4360 20
1816 4295 2005 4359 simul
2051 4294 2239 4360 deum
2286 4295 2745 4379 deprecemur,

540 4390 826 4470 gentium
872 4390 1184 4474 perfidia3
1901 4398 2093 4481 (leuS,
2140 4417 2341 4484 parce
2388 4399 2658 4465 miseris.

630 4557 726 4612 us.
765 4575 834 4612 zu
869 4560 1196 4618 Darmstadt
1228 4562 1336 4617 No.
1372 4565 1494 4620 545.
1528 4562 1632 4621 mit
1664 4565 1768 4621 der
1803 4566 2061 4636 Melodie,
2100 4569 2167 4623 14
2201 4567 2398 4624 Jahrb.

626 4664 698 4718 22
735 4661 933 4718 besser
959 4682 1116 4736 qun.
1195 4669 1412 4728 28—30
1448 4670 1717 4727 scheinen
1751 4672 2088 4728 verdorhen.
