3175 5234
485 430 628 508 Qua
672 432 902 496 beatus
945 432 1166 514 superi

411 555 420 564 ·
480 533 840 619 promeruit
882 554 1089 615 regna
1133 535 1311 617 regis

481 633 698 699 lucida
747 632 1190 700 Emerammus

417 727 424 732 ’
479 736 640 803 flatu
684 736 1037 818 scandere3

349 929 412 993 2.
475 927 674 1006 Quem
722 947 920 994 carne
955 969 960 974 -

481 1039 689 1094 mater
732 1030 1018 1096 Pictavis

482 1132 760 1215 gravida
774 1180 792 1214 ,
839 1135 1168 1200 civitatum

478 1233 851 1317 Aquitaniae

474 1339 848 1403 felicissima

479 1441 790 1521 omnium,
836 1443 1028 1506 enixa
1073 1455 1176 1508 est

480 1541 734 1606 dulcem
778 1541 1014 1623 fllium,

478 1676 599 1756 Qui
640 1677 789 1760 ipso

476 1780 774 1862 pueritiae

481 1890 772 1966 tempore
817 1904 1033 1951 rerum
1081 1906 1335 1972 quoque

479 1987 884 2054 refutaverat

475 2094 943 2158 transeuntium

473 2195 741 2277 gaudia,
786 2196 1158 2262 meditando

465 2297 607 2381 jam
652 2300 961 2364 coelestia.

344 2511 406 2573 3.
471 2509 632 2575 Tum
679 2512 848 2576 stola

471 2613 705 2695 gloriae
749 2621 1057 2695 teguntur

474 2715 645 2779 colla
690 2717 992 2799 speciosa

472 2816 651 2899 huic,
698 2827 765 2882 et
809 2830 1005 2903 caput

469 2924 539 2982 et
582 2919 787 2984 corda

469 3020 778 3105 spiritalis
824 3025 1041 3088 unctio

468 3140 621 3189 mox
662 3126 1083 3209 impleverat3

467 3261 670 3344 Quem
715 3266 846 3329 suis

465 3364 697 3428 ovibus
740 3374 1069 3448 pastorem

383 3517 392 3525 .
458 3473 690 3548 pastor
733 3471 1124 3552 subrogarat
1143 3521 1161 3550 ‚

456 3586 541 3630 ne
591 3575 987 3635 mansuetum

461 3668 635 3732 ovile

460 3768 766 3834 circuiret
809 3771 1043 3837 callide

456 3871 594 3956 lupi
639 3872 874 3937 rabies,

319 4091 381 4154 4.
447 4087 628 4155 Tunc
670 4090 984 4158 instructo
1027 4114 1237 4181 grege
1336 4073 1344 4079 ’

450 4195 791 4260 commisso
835 4197 1117 4265 accinxit

448 4296 553 4359 vir
595 4315 743 4362 sese
786 4299 1098 4386 alacriter

446 4398 662 4463 studio
706 4400 1017 4468 dilatandi

442 4501 691 4565 semina
731 4501 888 4568 fidei

435 4601 510 4668 in
555 4621 787 4688 campo
832 4609 1062 4676 sterili.

1566 435 1611 496 5
1841 433 1969 500 Hic
2008 453 2375 518 peragrans
2421 435 2568 500 loca

1837 538 1973 623 jam
2018 537 2212 623 plura
2260 547 2330 604 et
2372 540 2669 621 linquens

1844 642 2079 724 ubique
2125 643 2497 707 memoriam

1841 764 2108 810 suavem
2151 745 2575 830 Ratisponam

1817 855 2115 928 ,venerat
2154 848 2244 913 ad
2284 848 2510 914 sedem

1839 954 2130 1036 regalem
2171 953 2451 1018 Noricae.

1522 1036 1602 1100 10

1708 1223 1771 1284 5.
1838 1218 1892 1284 0
1937 1240 2127 1302 qnam
2174 1240 2341 1304 gens
2385 1223 2743 1304 fortunata,

1838 1322 1951 1386 tali
1995 1329 2146 1386 tnnc
2190 1325 2542 1410 peregrino

1837 1425 2260 1489 ministrando
2302 1431 2551 1507 terrea,

1521 1552 1600 1611 15
1805 1530 1948 1613 ‚qni
1990 1535 2056 1593 te
2099 1536 2407 1613 pasceret

1837 1629 2112 1713 spiritali
2154 1629 2375 1713 copia!

1828 1793 1980 1877 lpse
2022 1801 2089 1858 te
2132 1794 2524 1860 confortavit

1833 1897 1982 1961 fuso
2028 1915 2262 1961 cruore
2305 1915 2423 1962 suo

1836 2008 1903 2063 et
1948 2001 2206 2078 ornavit
2249 2001 2520 2083 tumulo,

1514 2100 1597 2161 20
1835 2120 2005 2165 nunc
2050 2102 2458 2186 amplectitur

1833 2203 2210 2288 adjuvando
2255 2205 2502 2270 sedulo.

1699 2476 1759 2537 6.
1818 2473 1983 2537 Nam
2029 2474 2115 2539 ad
2158 2474 2394 2540 lectum

1827 2578 1999 2642 illins
2044 2579 2200 2644 caeci

1827 2680 2063 2745 lumine
2110 2680 2291 2744 claro

1826 2782 2055 2847 videre
2099 2783 2338 2862 solent,

1827 2896 2055 2949 vocem
2103 2887 2407 2949 hauriunt

1827 2989 2009 3054 surdi
2053 2989 2385 3072 liquidam,

1508 2728 1590 2790 25

1822 3149 2146 3216 Restituto

1500 3274 1585 3337 30
1825 3253 2074 3319 debiles
2122 3264 2321 3320 ovant

1822 3376 2127 3443 corpore,
2173 3360 2324 3425 salit

1819 3470 1891 3528 ut
1934 3481 2170 3527 cervus
2214 3464 2483 3530 claudus
2500 3513 2517 3547 ‚

1821 3568 2259 3634 daemoniacus

1819 3671 1985 3756 liber
2019 3672 2274 3756 jubilat.

1495 3785 1578 3847 35

1684 3947 1745 4007 7.
1806 3940 1984 4006 Laus
2032 3959 2196 4024 ergo
2241 3950 2549 4026 personet

1807 4046 1891 4110 ab
1937 4062 2053 4109 ore
2100 4063 2389 4110 consono

1806 4149 2167 4233 principum
2211 4171 2293 4216 ac
2336 4151 2621 4233 plebium

1806 4270 1934 4336 pro
1970 4261 2151 4319 tanto
2196 4256 2535 4322 medicinas

1807 4355 2081 4440 gaudio,

1804 4516 2164 4604 cunctique
2215 4524 2463 4606 pariter

1797 4638 2143 4703 precemur
2187 4621 2543 4709 dominum,

2888 646 2984 707 45

2885 1330 2979 1392 50

2884 1903 2975 1963 55

2880 2585 2973 2647 60

2870 3159 2957 3221 65

2860 3676 2955 3739 70

2852 4361 2942 4424 ⁷5
