3175 5234
699 754 918 829 1059.
986 753 1105 824 De
1147 778 1201 826 s.
1247 752 1483 826 Maria
1532 750 2013 852 magdalena,
2065 753 2156 826 ad
2209 753 2769 852 completorium.

416 990 475 1058 0
519 990 763 1073 Maria,
807 989 942 1055 noli
985 988 1179 1073 flere,
1782 990 1933 1056 Jam
1979 1008 2106 1055 non
2151 990 2384 1073 miror,
2429 992 2486 1054 si
2528 992 2804 1056 nescisti

501 1096 643 1183 jam
689 1110 819 1158 non
867 1112 1127 1175 quaeras
1174 1093 1397 1179 alium,
1867 1094 2280 1176 magistrum,
2328 1093 2476 1158 dum
2521 1095 2836 1179 seminat,
2967 1099 3038 1163 20

418 1188 827 1262 hortulanus·
849 1194 958 1259 hio
1002 1201 1103 1258 est
1147 1214 1307 1257 vere
1779 1215 2040 1277 semen,
2087 1195 2261 1279 quod
2306 1204 2408 1260 est
2451 1199 2729 1263 verbum
2777 1197 3042 1283 Christi,

510 1305 580 1362 et
617 1297 892 1364 colonus
937 1296 1276 1378 mentium,
1870 1307 1936 1364 te
1980 1300 2189 1383 magis
2231 1301 2544 1365 illuminat

394 1401 594 1466 intra
637 1400 870 1463 mentis
915 1398 1173 1463 hortum
1217 1418 1438 1485 quaere
1638 1400 1677 1460 5
1783 1414 1852 1472 et
1897 1402 2252 1492 „rabboni“
2291 1407 2726 1491 respondisti,

510 1503 743 1567 mentis
792 1502 1183 1585 operarium·
1871 1531 2014 1578 oum
2060 1510 2336 1576 Mariam
2381 1511 2687 1575 nominat.

417 1717 611 1787 Unde
655 1720 956 1804 planctus
1002 1728 1068 1785 et
1112 1721 1489 1802 lamentum,
1780 1722 1996 1790 Pedes
2042 1721 2285 1787 Christi
2329 1743 2475 1805 quae
2519 1723 2781 1806 lavisti,
2970 1725 3042 1787 25

508 1822 683 1908 quod
727 1831 940 1889 mente
985 1844 1159 1893 nuno
1201 1825 1437 1907 erigis,
1771 1828 1778 1833 ’
1868 1826 2049 1893 fonte
2092 1828 2232 1892 lota
2277 1829 2541 1911 gratiae,

425 1927 580 2012 quid
626 1928 919 1993 revolvis
964 1927 1489 1994 monumentum?
1783 1950 1971 2013 quem
2018 1932 2102 1997 ab
2146 1932 2292 2014 ipso
2338 1931 2678 2015 recepisti,

508 2040 726 2097 tecum
771 2038 906 2115 est,
954 2052 1142 2115 quem
1188 2032 1442 2115 diligis,
1595 2030 1675 2092 10
1866 2035 2067 2101 funde
2112 2054 2326 2100 rorem
2372 2037 2614 2117 veniae‚

418 2136 649 2203 Jesum
697 2137 936 2218 quaeris
982 2145 1050 2205 et
1093 2137 1423 2202 inventum
1779 2139 2216 2221 resurgentis,
2264 2158 2451 2220 quem
2497 2139 2766 2221 vidisti,
3141 2216 3142 2219 Ἴ

506 2240 714 2305 habes
737 2287 755 2321 ,
800 2257 925 2304 neo
968 2239 1297 2322 intelligis.
1865 2240 1975 2304 fao
2019 2246 2357 2303 consortes
2402 2238 2650 2322 gloriae.
2969 2242 3040 2305 3⁰

417 2449 611 2519 Unde
658 2451 897 2536 gemis,
942 2450 1116 2515 unde
1161 2450 1435 2534 ploras?
1780 2455 2004 2522 Gloria
2049 2464 2116 2520 et
2160 2455 2368 2521 honor
2413 2455 2572 2537 deo,

507 2575 735 2620 verum
783 2554 989 2618 habes
1039 2553 1376 2635 gaudium,
1865 2559 2051 2643 cujus
2094 2561 2334 2643 promit
2376 2558 2590 2642 gratia

418 2658 583 2723 latet
625 2659 690 2721 in
737 2666 803 2721 te
823 2705 839 2738 ,
888 2656 1064 2738 quod
1106 2658 1407 2739 ignoras,
1591 2660 1671 2720 15
1777 2660 2071 2725 invitanti
2115 2660 2447 2743 pharIsaeo

507 2760 752 2824 doloris
797 2760 1097 2824 solatium
1118 2809 1135 2842 ‚
1684 2838 1692 2844 ,
1865 2763 2094 2829 Mariae
2139 2764 2455 2846 suspiria,

415 2864 590 2930 intus
636 2863 876 2947 habes,
924 2866 1163 2947 quaeris
1206 2865 1416 2950 foras,
1775 2884 2026 2931 ooenam
2071 2865 2225 2928 vitae
2270 2864 2380 2946 qui
2424 2863 2534 2927 dat
2580 2880 2705 2926 reo
2970 2864 3044 2926 35

505 2966 841 3047 languoris
888 2967 1285 3049 remedium..
1861 2968 2095 3050 gratiae
2140 2976 2290 3052 post
2335 2966 2632 3052 prandia.

598 3184 695 3240 Hs.
732 3201 802 3239 zu
829 3183 1073 3254 Colmar,
1112 3186 1321 3240 14-15
1348 3184 1548 3240 Jahrb.
1584 3184 1687 3239 mit
1721 3183 1829 3240 den
1858 3183 2215 3239 Musiknoten
2244 3183 2371 3254 (G).
2442 3183 2611 3240 Steht
2634 3185 2696 3238 in
2725 3184 3047 3258 Predigten

415 3272 518 3331 des
565 3272 919 3331 Bernardino
974 3288 1090 3327 von
1140 3272 1313 3329 Siena
1367 3273 1476 3342 (Β)
1527 3272 1617 3327 als
1670 3271 1909 3344 hymnus
1964 3270 2036 3325 ad
2089 3276 2440 3327 nocturnum.
2513 3271 2616 3325 Bei
2661 3272 2882 3329 Dmiel
2935 3274 3042 3342 (1³)
3141 3264 3142 3277 ¹

413 3360 511 3417 Hs.
548 3377 619 3415 zu
652 3358 1010 3416 montonthal
1046 3358 1154 3432 (Ι.)
1193 3357 1292 3413 des
1332 3360 1400 3412 14
1435 3358 1638 3415 Jahrb.

592 3518 627 3569 5
664 3519 853 3570 ortum
887 3516 955 3585 D,
993 3531 1060 3570 so
1105 3516 1257 3570 steht
1293 3514 1619 3586 gewonlioh
1652 3511 1750 3570 fiir
1784 3515 2027 3571 hortum.
2099 3514 2133 3567 6
2169 3512 2391 3569 doloris
2425 3512 2732 3569 remedium
2767 3514 2842 3569 1..
2909 3516 2946 3569 8
2981 3513 3050 3569 ad

410 3607 653 3660 mentem
687 3601 755 3671 L,
804 3603 862 3658 in
897 3608 1139 3659 mentem
1175 3619 1275 3659 eur
1310 3620 1424 3658 non
1460 3619 1539 3661 er.
1575 3603 1654 3671 Β,
1704 3602 1838 3673 quid
1872 3606 2111 3657 mentem
2145 3602 2272 3657 non'
2295 3602 2357 3656 Ι).
2442 3604 2477 3657 9
2515 3601 2641 3672 quin
2680 3602 2959 3658 revolvit
2991 3601 3052 3668 L.

414 3689 568 3759 quod
601 3688 681 3757 G,
743 3703 866 3743 cum
914 3705 1032 3744 rev.
1070 3691 1130 3745 B.
1232 3694 1296 3744 11
1348 3706 1573 3760 quaeres
1609 3691 1673 3747 Β.
1775 3692 1842 3745 12
1881 3705 1985 3744 nee
2020 3689 2202 3759 ipsum
2236 3688 2331 3743 int.
2366 3689 2425 3743 1.
2515 3689 2585 3742 14
2621 3688 2771 3743 unde
2815 3690 2956 3745 hab.
2993 3688 3054 3742 1..

376 3823 385 3830 .
419 3776 491 3827 15
529 3779 685 3829 certe
719 3771 813 3828 fiir
848 3774 906 3829 in
944 3779 983 3830 t.
1017 3776 1078 3830 B.
1154 3779 1223 3828 17
1259 3791 1483 3844 quaeras
1518 3778 1580 3834 Β.
1654 3776 1979 3832 18·‹loloris
2016 3777 2123 3832 BL.
2180 3777 2249 3829 19
2285 3774 2525 3830 nesoisci
2560 3775 2624 3830 Β.
2678 3778 2751 3831 24
2793 3777 3050 3833 Maria-

282 3899 289 3909 .
414 3859 545 3916 ium
580 3878 632 3916 n.
668 3861 775 3916 BL.
859 3864 929 3916 25
966 3878 1110 3932 quos
1147 3863 1211 3916 D.
1280 3865 1352 3917 27
1389 3880 1555 3933 quam
1596 3866 1659 3921 B.
1749 3867 1823 3920 29
1859 3864 2212 3936 resurgentis
2248 3864 2310 3919 Ι).
2390 3866 2462 3918 32
2499 3861 2742 3935 praefert
2779 3865 2834 3920 L
2857 3907 2874 3934 ‚
2913 3882 3054 3937 pro-
3141 3852 3142 3903 ἵ

412 3945 534 4005 fert
572 3950 636 4019 Ι),
672 3954 911 4020 praestet
944 3950 1006 4005 B.
1075 3951 1146 4004 33
1182 3948 1408 4005 invitati
1443 3952 1510 4006 B.
3141 3908 3142 3989 1

590 4106 658 4161 V.
692 4108 745 4163 3.
798 4104 1147 4163 hortulanus.
1214 4104 1371 4161 Eben
1416 4122 1484 4162 so
1539 4105 1788 4163 trefflich
1842 4106 2025 4161 heisst
2078 4104 2336 4160 Christus
2390 4105 2448 4159 in
2497 4103 2606 4161 den
2638 4104 2896 4160 Menfien
2935 4126 3052 4175 φιν·

411 4194 651 4271 τουργός
686 4192 932 4264 πάντων,
985 4180 1087 4249 der
1126 4192 1543 4264 Weltgiirtner.
1607 4196 1753 4266 Aug.
1789 4197 1875 4248 17.
1945 4194 2146 4249 Nonne
2184 4197 2271 4248 est
2304 4193 2660 4259 hortulanus,
2697 4191 2800 4262 qui
2843 4191 3054 4263 posuit
3141 4208 3142 4213 ¹

410 4297 657 4354 granum
691 4281 905 4354 sinapis
942 4280 1000 4336 in
1034 4281 1207 4337 horto
1243 4297 1368 4350 suo,
1406 4312 1471 4323 -—
1509 4286 1571 4336 et
1610 4281 1790 4336 crevit
1826 4286 1884 4337 et
1918 4279 2212 4336 adscendit
2243 4285 2302 4334 et
2336 4276 2474 4334 fecit
2501 4277 2768 4334 arborem
2798 4285 3050 4345 tantan,

404 4375 473 4431 nt
505 4371 676 4427 otiam
709 4369 976 4427 volucres
1013 4368 1145 4425 coeli
1179 4367 1599 4438 requiescerent
1633 4367 1691 4422 in
1725 4367 1897 4423 ramis
1934 4368 2102 4441 ejus?
2174 4369 2441 4438 Auqusfini
2475 4381 2663 4421 sermo
2699 4366 2838 4437 246,
2875 4368 2932 4421 3.
