3175 5234
387 282 525 352 846

573 466 609 519 3
644 463 741 535 qui
773 463 898 533 Hs„
945 462 1096 519 kann
1131 463 1358 531 stehm,
1394 476 1562 518 wenn
1597 477 1727 517 man
1761 457 2055 532 subfulget
2086 465 2261 529 setst,
2308 460 2449 515 aber
2483 460 2573 515 die
2609 463 2843 519 Anu-ede
2885 469 3031 537 geht

390 566 508 606 von
546 553 732 621 1-3,
792 551 968 606 daher
1003 550 1080 606 ist
1114 567 1226 621 quo
1263 550 1476 605 besser.
1574 552 1626 605 ¹2.
1661 550 1697 604 8
1731 549 1838 604 mir
1880 548 2098 604 scheint
2132 548 2284 603 dulci
2321 549 2596 604 doctrinm
2634 550 2765 643 luce
2801 552 3031 610 divina

392 637 603 692 besser.
674 638 746 690 26
783 637 875 692 ich
908 638 1131 693 mochto
1168 637 1323 692 lesen
1361 637 1508 693 diem
1543 635 1773 691 induxit.
1847 636 1921 690 28
1960 635 2043 691 sic
2078 637 2237 689 ware
2274 635 2485 694 bosser-

491 821 499 828 .
569 768 638 822 V.
675 767 761 823 38.
808 766 969 822 Nach
1003 765 1127 837 dem
1162 767 1285 821 Ave
1320 764 1494 820 maris
1529 763 1716 819 stella.
1768 762 1894 818 ·.No
1930 763 2054 832 496,
2088 764 2183 817 31.

1087 1120 1259 1192 972.
1327 1115 1605 1191 Oratio
1639 1116 1731 1188 ad
1775 1142 1829 1188 s.
1874 1117 2347 1188 Jeronimum.

396 1358 552 1427 Ave
596 1379 853 1444 gemma
898 1358 1286 1440 venustatis,
1753 1354 2016 1423 Laudes
2063 1363 2193 1421 tuae
2237 1354 2466 1420 laudes
2512 1355 2649 1438 dei,
2948 1360 3028 1422 25

399 1464 639 1530 ardens
685 1465 838 1547 igne
884 1462 1200 1543 caritatis,
1563 1507 1572 1514 -
1755 1466 1906 1524 ante
1955 1478 2143 1541 quem
2186 1465 2507 1524 memento
2538 1457 2678 1523 ¹mei

486 1563 730 1630 Christi
773 1584 982 1628 verna
1026 1561 1398 1643 sen-onim,
1842 1580 1966 1646 pro
2011 1581 2113 1625 me
2162 1579 2359 1627 orans
2396 1561 2676 1648 jugiter,

399 1671 511 1753 qui
557 1669 640 1734 de
684 1689 837 1735 rure
891 1666 1149 1732 deitatis
1755 1674 1827 1732 ut
1869 1667 2226 1751 plasmator
2271 1666 2475 1730 omnis
2519 1667 2619 1729 rei

400 1773 593 1837 vellis
640 1774 860 1856 spinas
905 1771 1248 1856 pravitatis
1614 1770 1652 1829 5
1760 1767 1872 1834 det
1913 1768 2283 1846 mercedem
2330 1777 2574 1834 sanctae
2620 1770 2804 1854 spei,

484 1877 746 1942 sulcans
792 1876 1326 1942 constantissime.
1842 1872 2140 1957 supplico
2186 1873 2543 1938 sinceriter.
2945 1875 3026 1938 30

395 2091 631 2176 Regna
676 2092 893 2157 mundi
940 2091 1326 2175 despexisti,
1755 2087 2007 2152 Dextra
2054 2086 2161 2151 dei
2200 2095 2265 2151 te
2312 2086 2593 2152 firmavit

398 2194 659 2260 Christo
704 2194 914 2260 Jhesu
959 2194 1292 2259 adhaesisti
1758 2197 1826 2253 et
1867 2189 2106 2252 virtute
2153 2190 2490 2255 roboravit

485 2299 699 2363 earnis
748 2307 966 2361 terens
1008 2297 1385 2380 spurcitiae,
1668 2335 1675 2340 ·
1844 2299 2075 2357 contra
2117 2292 2373 2357 hostem
2417 2292 2845 2374 saevissimum
2870 2341 2889 2374 ,

395 2417 624 2463 nemus
663 2397 933 2462 densum
978 2399 1260 2478 coluisti,
1572 2401 1653 2464 10
1755 2395 2026 2478 primum
2073 2394 2323 2477 plasma
2371 2395 2475 2477 qui
2522 2396 2929 2479 prostravit,

395 2500 597 2583 longe
643 2520 918 2582 namque
963 2502 1325 2584 praevidisti
1757 2496 1874 2562 sed
1920 2507 1984 2561 te
2031 2518 2353 2581 nunquam
2400 2499 2808 2579 obscuravit,
2936 2501 3020 2566 35

483 2603 727 2670 diaboli
771 2602 1061 2667 insidias,
1558 2671 1565 2678 ,
1845 2620 1885 2667 ο
1931 2602 2142 2665 lumen
2188 2601 2796 2686 splendidissimum.

395 2815 657 2881 Nostrae
703 2818 933 2881 mentis
979 2821 1338 2903 pravitates
1754 2818 1921 2884 Vale
1960 2819 2092 2882 dux
2132 2819 2586 2901 ecclesiarum,

399 2920 615 2985 carnis
662 2940 787 2985 nec
832 2940 958 2985 non
1006 2924 1375 3008 voluptates
1752 2942 1947 3004 quem
1994 2907 2298 2987 cohortes
2345 2925 2756 2988 tenebrarum

483 3025 659 3108 pelle
705 3026 828 3090 tuis
874 3028 1204 3110 precibuS,
1570 3033 1649 3094 15
1841 3025 2045 3087 velint
2087 3026 2290 3088 nolint
2336 3024 2622 3107 fugiunt,

390 3144 638 3191 morum
685 3127 916 3191 dentur
962 3128 1366 3213 honestates,
1754 3128 1940 3212 cujus
1986 3128 2109 3192 rivi
2147 3127 2586 3192 doctrinarum
2936 3133 3018 3196 40

397 3228 634 3293 cedant
678 3229 898 3293 mundi
942 3232 1292 3314 vanitateS,
1382 3273 1390 3280 ·
1755 3231 1920 3295 sicut
1964 3231 2193 3313 ingens
2239 3230 2387 3293 sons
2432 3250 2747 3313 aquarum

475 3349 641 3415 roga
687 3332 788 3397 his
834 3337 1249 3418 pauperibus
1838 3335 1904 3397 in
1951 3344 2284 3399 cessanter
2329 3335 2615 3400 effluunt.

391 3553 445 3620 0
489 3554 635 3635 quid
673 3554 918 3632 lamia,
959 3556 1107 3637 quid
1149 3556 1434 3634 honoris,
1749 3552 1962 3618 Serve
2007 3554 2177 3617 bone
2224 3561 2291 3617 et
2336 3552 2585 3634 fidelis,

389 3672 494 3717 me
539 3674 686 3717 nam
731 3657 992 3738 stringit
1035 3662 1131 3723 vis
1175 3663 1442 3743 amoriS,
1556 3662 1642 3725 20
1749 3668 1818 3724 ut
1864 3660 2141 3745 abjectis
2188 3660 2392 3723 hostis
2437 3660 2617 3741 telis,

475 3756 736 3820 reddam
778 3758 889 3821 tibi
933 3759 1159 3837 debite,
1716 3751 1723 3759 '
1838 3761 1923 3826 da
1966 3772 2075 3827 tuo
2111 3762 2475 3844 juvamine,
2932 3765 3016 3826 45

389 3864 456 3920 te
502 3876 651 3921 nam
695 3859 979 3924 omnibus
1024 3864 1089 3926 in
1129 3860 1329 3944 hori-3,
1749 3873 1815 3929 et
1861 3884 2003 3929 cum
2048 3866 2298 3929 civibus
2344 3866 2411 3927 in
2456 3864 2638 3929 coelis

388 3961 599 4027 cultor
643 3964 849 4028 nostri
894 3964 1271 4049 salvatoris,
1748 3969 1943 4032 simus
1987 3984 2107 4032 nos
2153 3969 2293 4034 sine
2332 3968 2614 4051 querelis

475 4064 848 4132 collaudant
892 4068 1209 4135 ecclesiae.
1831 4073 2055 4136 mortis
2102 4073 2168 4136 in
2213 4073 2526 4136 examine.

559 4264 652 4319 Hs.
691 4281 759 4319 zu
793 4265 1007 4335 Mainz,
1043 4267 1188 4338 Aug.
1225 4265 1334 4323 No.
1372 4269 1495 4323 439.
1531 4267 1777 4350 1311185.
1815 4266 1915 4323 des
1952 4271 2020 4322 15
2055 4269 2252 4325 Jahn-h.

440 4375 446 4380 ¹
561 4404 629 4456 18
665 4408 839 4473 rogat
873 4404 982 4474 hic,
1019 4404 1114 4460 Hs.
1151 4406 1244 4460 hle
1278 4395 1432 4464 kann
1467 4408 1682 4463 stehen.
1751 4409 1822 4463 39
1860 4409 2079 4480 nolunt,
2112 4409 2212 4466 Hs.

560 4540 625 4595 V.
666 4544 748 4596 19.
785 4546 871 4599 20.
923 4548 1038 4603 Aus
1074 4547 1178 4604 No.
1214 4549 1338 4619 268,
1377 4551 1513 4604 1-5
1553 4550 1823 4606 entlehnt.
