<?xml version="1.0" encoding="UTF-8"?>
<!DOCTYPE html PUBLIC "-//W3C//DTD XHTML 1.0 Transitional//EN"
    "http://www.w3.org/TR/xhtml1/DTD/xhtml1-transitional.dtd">
<html xmlns="http://www.w3.org/1999/xhtml" xml:lang="en" lang="en">
 <head>
  <title>
</title>
<meta http-equiv="Content-Type" content="text/html;charset=utf-8" />
  <meta name='ocr-system' content='tesseract 3.04.00' />
  <meta name='ocr-capabilities' content='ocr_page ocr_carea ocr_par ocr_line ocrx_word'/>
</head>
<body>
  <div class='ocr_page' id='page_1' title='image "./lateinischehymn04monegoog/lateinischehymn04monegoog_0106.png"; bbox 0 0 3175 5234; ppageno 0'>
   <div class='ocr_carea' id='block_1_1' title="bbox 402 318 492 383">
    <p class='ocr_par' dir='ltr' id='par_1_1' title="bbox 402 318 492 383">
     <span class='ocr_line' id='line_1_1' title="bbox 402 318 492 383; baseline 0 0"><span class='ocrx_word' id='word_1_1' title='bbox 402 318 492 383; x_wconf 79' lang='grc'><strong>80</strong></span> 
     </span>
    </p>
   </div>
   <div class='ocr_carea' id='block_1_2' title="bbox 404 491 3046 742">
    <p class='ocr_par' dir='ltr' id='par_1_2' title="bbox 404 491 3046 742">
     <span class='ocr_line' id='line_1_2' title="bbox 583 491 3045 567; baseline -0.001 -13"><span class='ocrx_word' id='word_1_2' title='bbox 583 500 679 554; x_wconf 76' lang='lat' dir='ltr'><strong>Hs.</strong></span> <span class='ocrx_word' id='word_1_3' title='bbox 718 515 789 553; x_wconf 79' lang='lat' dir='ltr'><strong>zu</strong></span> <span class='ocrx_word' id='word_1_4' title='bbox 823 496 883 553; x_wconf 86' lang='lat' dir='ltr'><strong>S.</strong></span> <span class='ocrx_word' id='word_1_5' title='bbox 919 494 1120 553; x_wconf 80' lang='lat' dir='ltr'><strong>Gallen</strong></span> <span class='ocrx_word' id='word_1_6' title='bbox 1171 494 1276 553; x_wconf 86' lang='lat' dir='ltr'><strong>No.</strong></span> <span class='ocrx_word' id='word_1_7' title='bbox 1313 498 1434 551; x_wconf 69' lang='lat'><strong>457.</strong></span> <span class='ocrx_word' id='word_1_8' title='bbox 1483 496 1542 551; x_wconf 81' lang='lat' dir='ltr'><strong>S.</strong></span> <span class='ocrx_word' id='word_1_9' title='bbox 1581 496 1716 551; x_wconf 75' lang='grc'><strong>130.</strong></span> <span class='ocrx_word' id='word_1_10' title='bbox 1769 497 1837 550; x_wconf 79' lang='grc'><strong>13</strong></span> <span class='ocrx_word' id='word_1_11' title='bbox 1883 493 2081 551; x_wconf 75' lang='lat' dir='ltr'><strong>Jahrh.</strong></span> <span class='ocrx_word' id='word_1_12' title='bbox 2138 493 2241 549; x_wconf 86' lang='lat' dir='ltr'><strong>mit</strong></span> <span class='ocrx_word' id='word_1_13' title='bbox 2289 491 2391 547; x_wconf 86' lang='lat' dir='ltr'><strong>der</strong></span> <span class='ocrx_word' id='word_1_14' title='bbox 2426 494 2667 550; x_wconf 64' lang='lat' dir='ltr'><strong>melodie</strong></span> <span class='ocrx_word' id='word_1_15' title='bbox 2717 495 2859 567; x_wconf 82' lang='lat' dir='ltr'><strong>(G),</strong></span> <span class='ocrx_word' id='word_1_16' title='bbox 2924 496 3045 552; x_wconf 74' lang='lat' dir='ltr'><strong>und</strong></span> 
     </span>
     <span class='ocr_line' id='line_1_3' title="bbox 404 580 3046 653; baseline -0.002 -10"><span class='ocrx_word' id='word_1_17' title='bbox 404 587 793 643; x_wconf 77' lang='lat' dir='ltr'><strong>Reichenauer</strong></span> <span class='ocrx_word' id='word_1_18' title='bbox 840 583 1314 653; x_wconf 80' lang='lat' dir='ltr'><strong>Antiphonarium</strong></span> <span class='ocrx_word' id='word_1_19' title='bbox 1364 600 1434 638; x_wconf 80' lang='lat' dir='ltr'><strong>zu</strong></span> <span class='ocrx_word' id='word_1_20' title='bbox 1471 583 1784 638; x_wconf 80' lang='lat' dir='ltr'><strong>Karlsruhe</strong></span> <span class='ocrx_word' id='word_1_21' title='bbox 1834 580 1940 636; x_wconf 89' lang='lat' dir='ltr'><strong>No.</strong></span> <span class='ocrx_word' id='word_1_22' title='bbox 1975 581 2098 635; x_wconf 87' lang='grc'><strong>209.</strong></span> <span class='ocrx_word' id='word_1_23' title='bbox 2144 581 2230 635; x_wconf 89' lang='lat' dir='ltr'><strong>Bl.</strong></span> <span class='ocrx_word' id='word_1_24' title='bbox 2268 583 2356 633; x_wconf 84' lang='lat'><strong>21.</strong></span> <span class='ocrx_word' id='word_1_25' title='bbox 2405 581 2517 651; x_wconf 84' lang='lat' dir='ltr'><strong>(R)</strong></span> <span class='ocrx_word' id='word_1_26' title='bbox 2535 622 2549 650; x_wconf 92' lang='lat'><strong>,</strong></span> <span class='ocrx_word' id='word_1_27' title='bbox 2613 583 2760 637; x_wconf 80' lang='lat' dir='ltr'><strong>auch</strong></span> <span class='ocrx_word' id='word_1_28' title='bbox 2795 583 2901 638; x_wconf 86' lang='lat' dir='ltr'><strong>mit</strong></span> <span class='ocrx_word' id='word_1_29' title='bbox 2936 582 3046 638; x_wconf 85' lang='lat' dir='ltr'><strong>der</strong></span> 
     </span>
     <span class='ocr_line' id='line_1_4' title="bbox 406 666 2724 742; baseline -0.004 -11"><span class='ocrx_word' id='word_1_30' title='bbox 406 674 670 742; x_wconf 72' lang='lat' dir='ltr'><strong>melodie,</strong></span> <span class='ocrx_word' id='word_1_31' title='bbox 709 673 778 725; x_wconf 72' lang='grc'><strong>14</strong></span> <span class='ocrx_word' id='word_1_32' title='bbox 812 669 1010 726; x_wconf 82' lang='lat' dir='ltr'><strong>Jahrh.</strong></span> <span class='ocrx_word' id='word_1_33' title='bbox 1048 668 1162 723; x_wconf 86' lang='lat' dir='ltr'><strong>und</strong></span> <span class='ocrx_word' id='word_1_34' title='bbox 1196 668 1297 725; x_wconf 90' lang='lat' dir='ltr'><strong>der</strong></span> <span class='ocrx_word' id='word_1_35' title='bbox 1334 668 1757 728; x_wconf 81' lang='lat' dir='ltr'><strong>Ueberschrift:</strong></span> <span class='ocrx_word' id='word_1_36' title='bbox 1796 668 1854 723; x_wconf 90' lang='lat' dir='ltr'><strong>in</strong></span> <span class='ocrx_word' id='word_1_37' title='bbox 1892 666 2424 722; x_wconf 86' lang='lat' dir='ltr'><strong>commemoratione</strong></span> <span class='ocrx_word' id='word_1_38' title='bbox 2461 684 2505 720; x_wconf 83' lang='lat' dir='ltr'><strong>s.</strong></span> <span class='ocrx_word' id='word_1_39' title='bbox 2543 666 2724 722; x_wconf 87' lang='lat' dir='ltr'><strong>Pauli.</strong></span> 
     </span>
    </p>
   </div>
   <div class='ocr_carea' id='block_1_3' title="bbox 587 812 3040 884">
    <p class='ocr_par' dir='ltr' id='par_1_3' title="bbox 587 812 3040 884">
     <span class='ocr_line' id='line_1_5' title="bbox 587 812 3040 884; baseline -0.002 -10"><span class='ocrx_word' id='word_1_40' title='bbox 587 824 621 873; x_wconf 74' lang='lat'><strong>7</strong></span> <span class='ocrx_word' id='word_1_41' title='bbox 658 818 869 874; x_wconf 84' lang='lat' dir='ltr'><strong>Paulus</strong></span> <span class='ocrx_word' id='word_1_42' title='bbox 905 815 967 884; x_wconf 84' lang='lat' dir='ltr'><strong>G,</strong></span> <span class='ocrx_word' id='word_1_43' title='bbox 1005 815 1187 871; x_wconf 89' lang='lat' dir='ltr'><strong>credit</strong></span> <span class='ocrx_word' id='word_1_44' title='bbox 1222 815 1283 869; x_wconf 86' lang='lat' dir='ltr'><strong>R.</strong></span> <span class='ocrx_word' id='word_1_45' title='bbox 1359 817 1422 868; x_wconf 91' lang='lat'><strong>11</strong></span> <span class='ocrx_word' id='word_1_46' title='bbox 1461 820 1660 870; x_wconf 82' lang='lat' dir='ltr'><strong>servat</strong></span> <span class='ocrx_word' id='word_1_47' title='bbox 1694 814 1757 871; x_wconf 74' lang='lat' dir='ltr'><strong>G.</strong></span> <span class='ocrx_word' id='word_1_48' title='bbox 1814 814 1882 869; x_wconf 86' lang='grc'><strong>18</strong></span> <span class='ocrx_word' id='word_1_49' title='bbox 1920 814 2105 869; x_wconf 88' lang='lat' dir='ltr'><strong>crucis</strong></span> <span class='ocrx_word' id='word_1_50' title='bbox 2141 813 2206 867; x_wconf 88' lang='lat' dir='ltr'><strong>R.</strong></span> <span class='ocrx_word' id='word_1_51' title='bbox 2260 814 2329 867; x_wconf 83' lang='grc'><strong>25</strong></span> <span class='ocrx_word' id='word_1_52' title='bbox 2369 813 2490 865; x_wconf 81' lang='lat' dir='ltr'><strong>haec</strong></span> <span class='ocrx_word' id='word_1_53' title='bbox 2526 812 2591 867; x_wconf 80' lang='lat' dir='ltr'><strong>R.</strong></span> <span class='ocrx_word' id='word_1_54' title='bbox 2642 814 2715 867; x_wconf 92' lang='grc'><strong>29</strong></span> <span class='ocrx_word' id='word_1_55' title='bbox 2742 813 3040 870; x_wconf 67' lang='lat' dir='ltr'><strong>mundun.</strong></span> 
     </span>
    </p>
   </div>
   <div class='ocr_carea' id='block_1_4' title="bbox 406 956 3047 2687">
    <p class='ocr_par' dir='ltr' id='par_1_4' title="bbox 406 956 3047 1728">
     <span class='ocr_line' id='line_1_6' title="bbox 585 956 3043 1030; baseline -0.002 -10"><span class='ocrx_word' id='word_1_56' title='bbox 585 968 653 1020; x_wconf 88' lang='lat' dir='ltr'><strong>V.</strong></span> <span class='ocrx_word' id='word_1_57' title='bbox 692 968 739 1019; x_wconf 86' lang='lat'><strong>1.</strong></span> <span class='ocrx_word' id='word_1_58' title='bbox 793 964 934 1019; x_wconf 84' lang='lat' dir='ltr'><strong>Sion</strong></span> <span class='ocrx_word' id='word_1_59' title='bbox 971 976 1084 1017; x_wconf 91' lang='lat' dir='ltr'><strong>non</strong></span> <span class='ocrx_word' id='word_1_60' title='bbox 1118 959 1219 1013; x_wconf 90' lang='lat' dir='ltr'><strong>ille</strong></span> <span class='ocrx_word' id='word_1_61' title='bbox 1256 959 1447 1030; x_wconf 85' lang='lat' dir='ltr'><strong>utique</strong></span> <span class='ocrx_word' id='word_1_62' title='bbox 1482 959 1722 1030; x_wconf 71' lang='lat' dir='ltr'><strong>perditae</strong></span> <span class='ocrx_word' id='word_1_63' title='bbox 1758 958 2008 1014; x_wconf 80' lang='lat' dir='ltr'><strong>civitatis</strong></span> <span class='ocrx_word' id='word_1_64' title='bbox 2044 974 2234 1026; x_wconf 86' lang='lat' dir='ltr'><strong>mons,</strong></span> <span class='ocrx_word' id='word_1_65' title='bbox 2297 956 2667 1026; x_wconf 82' lang='lat' dir='ltr'><strong>comploratae</strong></span> <span class='ocrx_word' id='word_1_66' title='bbox 2716 957 2947 1014; x_wconf 81' lang='lat' dir='ltr'><strong>scilicet</strong></span> <span class='ocrx_word' id='word_1_67' title='bbox 2979 964 3043 1016; x_wconf 84' lang='lat' dir='ltr'><strong>et</strong></span> 
     </span>
     <span class='ocr_line' id='line_1_7' title="bbox 406 1042 3044 1120; baseline -0.002 -13"><span class='ocrx_word' id='word_1_68' title='bbox 406 1050 702 1107; x_wconf 74' lang='lat' dir='ltr'><strong>homicidae</strong></span> <span class='ocrx_word' id='word_1_69' title='bbox 737 1054 797 1105; x_wconf 91' lang='lat' dir='ltr'><strong>et</strong></span> <span class='ocrx_word' id='word_1_70' title='bbox 830 1047 1129 1120; x_wconf 80' lang='lat' dir='ltr'><strong>parricidae</strong></span> <span class='ocrx_word' id='word_1_71' title='bbox 1164 1046 1511 1114; x_wconf 75' lang='lat' dir='ltr'><strong>Jerusalem,</strong></span> <span class='ocrx_word' id='word_1_72' title='bbox 1575 1046 1677 1100; x_wconf 84' lang='lat' dir='ltr'><strong>sed</strong></span> <span class='ocrx_word' id='word_1_73' title='bbox 1712 1045 2027 1100; x_wconf 76' lang='lat' dir='ltr'><strong>Jerusalem</strong></span> <span class='ocrx_word' id='word_1_74' title='bbox 2065 1045 2219 1116; x_wconf 86' lang='lat' dir='ltr'><strong>ejus,</strong></span> <span class='ocrx_word' id='word_1_75' title='bbox 2274 1059 2401 1114; x_wconf 83' lang='lat' dir='ltr'><strong>quae</strong></span> <span class='ocrx_word' id='word_1_76' title='bbox 2439 1043 2497 1097; x_wconf 88' lang='lat' dir='ltr'><strong>in</strong></span> <span class='ocrx_word' id='word_1_77' title='bbox 2534 1042 2695 1098; x_wconf 84' lang='lat' dir='ltr'><strong>coelis</strong></span> <span class='ocrx_word' id='word_1_78' title='bbox 2733 1049 2853 1114; x_wconf 89' lang='lat' dir='ltr'><strong>est,</strong></span> <span class='ocrx_word' id='word_1_79' title='bbox 2911 1062 3044 1116; x_wconf 64' lang='lat' dir='ltr'><strong>qun</strong></span> 
     </span>
     <span class='ocr_line' id='line_1_8' title="bbox 407 1130 3045 1204; baseline -0.003 -10"><span class='ocrx_word' id='word_1_80' title='bbox 407 1145 591 1194; x_wconf 86' lang='lat' dir='ltr'><strong>mater</strong></span> <span class='ocrx_word' id='word_1_81' title='bbox 637 1143 727 1192; x_wconf 83' lang='lat' dir='ltr'><strong>est</strong></span> <span class='ocrx_word' id='word_1_82' title='bbox 770 1139 994 1202; x_wconf 82' lang='lat' dir='ltr'><strong>nostra,</strong></span> <span class='ocrx_word' id='word_1_83' title='bbox 1060 1149 1188 1204; x_wconf 77' lang='lat' dir='ltr'><strong>quoe</strong></span> <span class='ocrx_word' id='word_1_84' title='bbox 1237 1133 1442 1187; x_wconf 80' lang='lat' dir='ltr'><strong>civitas</strong></span> <span class='ocrx_word' id='word_1_85' title='bbox 1490 1132 1645 1203; x_wconf 75' lang='lat' dir='ltr'><strong>regis</strong></span> <span class='ocrx_word' id='word_1_86' title='bbox 1686 1132 1877 1203; x_wconf 82' lang='lat' dir='ltr'><strong>magni</strong></span> <span class='ocrx_word' id='word_1_87' title='bbox 1912 1136 2016 1186; x_wconf 89' lang='lat' dir='ltr'><strong>est.</strong></span> <span class='ocrx_word' id='word_1_88' title='bbox 2089 1132 2256 1186; x_wconf 76' lang='lat' dir='ltr'><strong>Hilar.</strong></span> <span class='ocrx_word' id='word_1_89' title='bbox 2293 1130 2349 1184; x_wconf 90' lang='lat' dir='ltr'><strong>in</strong></span> <span class='ocrx_word' id='word_1_90' title='bbox 2386 1147 2471 1200; x_wconf 88' lang='lat' dir='ltr'><strong>ps.</strong></span> <span class='ocrx_word' id='word_1_91' title='bbox 2505 1133 2557 1183; x_wconf 87' lang='grc'><strong>2.</strong></span> <span class='ocrx_word' id='word_1_92' title='bbox 2593 1146 2640 1183; x_wconf 88' lang='lat' dir='ltr'><strong>c.</strong></span> <span class='ocrx_word' id='word_1_93' title='bbox 2674 1131 2761 1185; x_wconf 78' lang='grc'><strong>26.</strong></span> <span class='ocrx_word' id='word_1_94' title='bbox 2836 1132 3045 1186; x_wconf 75' lang='lat' dir='ltr'><strong>Archi·</strong></span> 
     </span>
     <span class='ocr_line' id='line_1_9' title="bbox 409 1217 3045 1289; baseline -0.002 -10"><span class='ocrx_word' id='word_1_95' title='bbox 409 1230 594 1280; x_wconf 88' lang='lat' dir='ltr'><strong>tectus</strong></span> <span class='ocrx_word' id='word_1_96' title='bbox 643 1223 788 1278; x_wconf 71' lang='lat' dir='ltr'><strong>vird</strong></span> <span class='ocrx_word' id='word_1_97' title='bbox 834 1222 1046 1277; x_wconf 84' lang='lat' dir='ltr'><strong>Paulus</strong></span> <span class='ocrx_word' id='word_1_98' title='bbox 1096 1221 1271 1274; x_wconf 83' lang='lat' dir='ltr'><strong>schon</strong></span> <span class='ocrx_word' id='word_1_99' title='bbox 1322 1219 1380 1273; x_wconf 89' lang='lat' dir='ltr'><strong>in</strong></span> <span class='ocrx_word' id='word_1_100' title='bbox 1430 1218 1552 1272; x_wconf 89' lang='lat' dir='ltr'><strong>dem</strong></span> <span class='ocrx_word' id='word_1_101' title='bbox 1601 1217 2051 1289; x_wconf 79' lang='lat' dir='ltr'><strong>gallikanischen</strong></span> <span class='ocrx_word' id='word_1_102' title='bbox 2101 1217 2402 1273; x_wconf 76' lang='lat' dir='ltr'><strong>Messbuch</strong></span> <span class='ocrx_word' id='word_1_103' title='bbox 2451 1222 2703 1287; x_wconf 82' lang='lat' dir='ltr'><strong>genannt</strong></span> <span class='ocrx_word' id='word_1_104' title='bbox 2752 1218 3045 1287; x_wconf 70' lang='lat' dir='ltr'><strong>(Mabiuon</strong></span> 
     </span>
     <span class='ocr_line' id='line_1_10' title="bbox 407 1303 3041 1382; baseline -0.002 -15"><span class='ocrx_word' id='word_1_105' title='bbox 407 1310 602 1382; x_wconf 85' lang='lat' dir='ltr'><strong>liturg.</strong></span> <span class='ocrx_word' id='word_1_106' title='bbox 641 1309 786 1366; x_wconf 85' lang='lat' dir='ltr'><strong>Gall.</strong></span> <span class='ocrx_word' id='word_1_107' title='bbox 818 1311 975 1377; x_wconf 82' lang='grc'><strong>226).</strong></span> <span class='ocrx_word' id='word_1_108' title='bbox 1043 1306 1126 1361; x_wconf 89' lang='lat' dir='ltr'><strong>So</strong></span> <span class='ocrx_word' id='word_1_109' title='bbox 1164 1310 1336 1360; x_wconf 88' lang='lat' dir='ltr'><strong>nennt</strong></span> <span class='ocrx_word' id='word_1_110' title='bbox 1370 1321 1435 1360; x_wconf 90' lang='lat' dir='ltr'><strong>er</strong></span> <span class='ocrx_word' id='word_1_111' title='bbox 1469 1304 1593 1359; x_wconf 86' lang='lat' dir='ltr'><strong>sich</strong></span> <span class='ocrx_word' id='word_1_112' title='bbox 1627 1304 1810 1359; x_wconf 83' lang='lat' dir='ltr'><strong>selhst</strong></span> <span class='ocrx_word' id='word_1_113' title='bbox 1844 1304 1869 1357; x_wconf 91' lang='lat'>1</span> <span class='ocrx_word' id='word_1_114' title='bbox 1904 1304 2156 1360; x_wconf 80' lang='lat' dir='ltr'><strong>Corinth.</strong></span> <span class='ocrx_word' id='word_1_115' title='bbox 2182 1305 2237 1372; x_wconf 80' lang='lat'><strong>3,</strong></span> <span class='ocrx_word' id='word_1_116' title='bbox 2258 1305 2360 1371; x_wconf 92' lang='grc'><strong>10.,</strong></span> <span class='ocrx_word' id='word_1_117' title='bbox 2399 1303 2537 1356; x_wconf 88' lang='lat' dir='ltr'><strong>aher</strong></span> <span class='ocrx_word' id='word_1_118' title='bbox 2575 1304 2731 1358; x_wconf 88' lang='lat' dir='ltr'><strong>nicht</strong></span> <span class='ocrx_word' id='word_1_119' title='bbox 2763 1305 2869 1360; x_wconf 89' lang='lat' dir='ltr'><strong>mit</strong></span> <span class='ocrx_word' id='word_1_120' title='bbox 2906 1306 3041 1362; x_wconf 71' lang='lat' dir='ltr'><strong>dan</strong></span> 
     </span>
     <span class='ocr_line' id='line_1_11' title="bbox 408 1391 3044 1458; baseline -0.002 -4"><span class='ocrx_word' id='word_1_121' title='bbox 408 1399 652 1454; x_wconf 83' lang='lat' dir='ltr'><strong>Zusatze</strong></span> <span class='ocrx_word' id='word_1_122' title='bbox 699 1397 857 1452; x_wconf 85' lang='lat' dir='ltr'>Sion.</span> <span class='ocrx_word' id='word_1_123' title='bbox 930 1396 1091 1449; x_wconf 77' lang='lat' dir='ltr'><strong>Dicas</strong></span> <span class='ocrx_word' id='word_1_124' title='bbox 1142 1393 1468 1448; x_wconf 75' lang='lat' dir='ltr'><strong>bezeichnet</strong></span> <span class='ocrx_word' id='word_1_125' title='bbox 1512 1393 1638 1448; x_wconf 89' lang='lat' dir='ltr'><strong>hier</strong></span> <span class='ocrx_word' id='word_1_126' title='bbox 1687 1392 1777 1446; x_wconf 90' lang='lat' dir='ltr'><strong>die</strong></span> <span class='ocrx_word' id='word_1_127' title='bbox 1826 1391 2153 1446; x_wconf 77' lang='lat' dir='ltr'><strong>christliche</strong></span> <span class='ocrx_word' id='word_1_128' title='bbox 2192 1391 2399 1447; x_wconf 84' lang='lat' dir='ltr'><strong>Kirche</strong></span> <span class='ocrx_word' id='word_1_129' title='bbox 2447 1396 2610 1445; x_wconf 88' lang='lat' dir='ltr'><strong>unter</strong></span> <span class='ocrx_word' id='word_1_130' title='bbox 2658 1392 2763 1445; x_wconf 84' lang='lat' dir='ltr'><strong>den</strong></span> <span class='ocrx_word' id='word_1_131' title='bbox 2800 1392 3044 1458; x_wconf 78' lang='lat' dir='ltr'><strong>Heiden,</strong></span> 
     </span>
     <span class='ocr_line' id='line_1_12' title="bbox 408 1475 3047 1551; baseline 0 -15"><span class='ocrx_word' id='word_1_132' title='bbox 408 1484 521 1536; x_wconf 81' lang='lat' dir='ltr'><strong>wie</strong></span> <span class='ocrx_word' id='word_1_133' title='bbox 568 1483 669 1535; x_wconf 91' lang='lat' dir='ltr'><strong>der</strong></span> <span class='ocrx_word' id='word_1_134' title='bbox 718 1481 888 1535; x_wconf 88' lang='lat' dir='ltr'><strong>dritte</strong></span> <span class='ocrx_word' id='word_1_135' title='bbox 937 1480 1082 1534; x_wconf 86' lang='lat' dir='ltr'><strong>Vers</strong></span> <span class='ocrx_word' id='word_1_136' title='bbox 1131 1479 1391 1550; x_wconf 81' lang='lat' dir='ltr'><strong>anzeigt,</strong></span> <span class='ocrx_word' id='word_1_137' title='bbox 1455 1477 1556 1533; x_wconf 84' lang='lat' dir='ltr'><strong>der</strong></span> <span class='ocrx_word' id='word_1_138' title='bbox 1593 1478 1715 1533; x_wconf 82' lang='lat' dir='ltr'><strong>sich</strong></span> <span class='ocrx_word' id='word_1_139' title='bbox 1752 1475 1860 1532; x_wconf 82' lang='lat' dir='ltr'><strong>auf</strong></span> <span class='ocrx_word' id='word_1_140' title='bbox 1886 1477 2044 1532; x_wconf 89' lang='lat' dir='ltr'><strong>Rom.</strong></span> <span class='ocrx_word' id='word_1_141' title='bbox 2084 1479 2179 1545; x_wconf 85' lang='lat'><strong>11,</strong></span> <span class='ocrx_word' id='word_1_142' title='bbox 2217 1479 2286 1531; x_wconf 86' lang='lat'><strong>13</strong></span> <span class='ocrx_word' id='word_1_143' title='bbox 2321 1476 2560 1532; x_wconf 83' lang='lat' dir='ltr'><strong>bezieht.</strong></span> <span class='ocrx_word' id='word_1_144' title='bbox 2636 1478 2793 1533; x_wconf 81' lang='lat' dir='ltr'><strong>Dazu</strong></span> <span class='ocrx_word' id='word_1_145' title='bbox 2827 1481 3047 1551; x_wconf 71' lang='lat' dir='ltr'><strong>gehort</strong></span> 
     </span>
     <span class='ocr_line' id='line_1_13' title="bbox 410 1565 3043 1636; baseline -0.002 -11"><span class='ocrx_word' id='word_1_146' title='bbox 410 1570 554 1625; x_wconf 83' lang='lat' dir='ltr'><strong>auch</strong></span> <span class='ocrx_word' id='word_1_147' title='bbox 598 1568 687 1623; x_wconf 89' lang='lat' dir='ltr'><strong>die</strong></span> <span class='ocrx_word' id='word_1_148' title='bbox 724 1568 907 1623; x_wconf 85' lang='lat' dir='ltr'><strong>Stelle</strong></span> <span class='ocrx_word' id='word_1_149' title='bbox 943 1566 1016 1622; x_wconf 87' lang='lat' dir='ltr'><strong>ad</strong></span> <span class='ocrx_word' id='word_1_150' title='bbox 1051 1567 1253 1636; x_wconf 80' lang='lat' dir='ltr'><strong>Ephes.</strong></span> <span class='ocrx_word' id='word_1_151' title='bbox 1287 1569 1348 1633; x_wconf 84' lang='grc'><strong>2,</strong></span> <span class='ocrx_word' id='word_1_152' title='bbox 1387 1566 1641 1621; x_wconf 83' lang='grc'><strong>20-22.</strong></span> <span class='ocrx_word' id='word_1_153' title='bbox 1712 1567 1976 1636; x_wconf 73' lang='lat' dir='ltr'><strong>Auqmtin.</strong></span> <span class='ocrx_word' id='word_1_154' title='bbox 2013 1581 2102 1635; x_wconf 90' lang='lat' dir='ltr'><strong>ep.</strong></span> <span class='ocrx_word' id='word_1_155' title='bbox 2146 1565 2267 1634; x_wconf 83' lang='lat'><strong>185,</strong></span> <span class='ocrx_word' id='word_1_156' title='bbox 2304 1567 2389 1619; x_wconf 84' lang='grc'><strong>22.</strong></span> <span class='ocrx_word' id='word_1_157' title='bbox 2435 1569 2607 1620; x_wconf 91' lang='lat' dir='ltr'><strong>nennt</strong></span> <span class='ocrx_word' id='word_1_158' title='bbox 2642 1565 2737 1619; x_wconf 87' lang='lat' dir='ltr'><strong>ihn</strong></span> <span class='ocrx_word' id='word_1_159' title='bbox 2773 1566 3043 1621; x_wconf 61' lang='lat' dir='ltr'><strong>ecclesia</strong></span> 
     </span>
     <span class='ocr_line' id='line_1_14' title="bbox 407 1651 1010 1728; baseline -0.01 -15"><span class='ocrx_word' id='word_1_160' title='bbox 407 1672 644 1728; x_wconf 81' lang='lat' dir='ltr'><strong>magnus</strong></span> <span class='ocrx_word' id='word_1_161' title='bbox 682 1651 1010 1710; x_wconf 77' lang='lat' dir='ltr'><strong>aedificator.</strong></span> 
     </span>
    </p>

    <p class='ocr_par' dir='ltr' id='par_1_5' title="bbox 408 1736 3042 1990">
     <span class='ocr_line' id='line_1_15' title="bbox 583 1736 3042 1813; baseline -0.001 -16"><span class='ocrx_word' id='word_1_162' title='bbox 583 1743 651 1797; x_wconf 89' lang='lat' dir='ltr'><strong>V.</strong></span> <span class='ocrx_word' id='word_1_163' title='bbox 686 1744 738 1796; x_wconf 84' lang='lat'><strong>3.</strong></span> <span class='ocrx_word' id='word_1_164' title='bbox 790 1741 1065 1813; x_wconf 77' lang='lat' dir='ltr'><strong>magister</strong></span> <span class='ocrx_word' id='word_1_165' title='bbox 1098 1741 1355 1797; x_wconf 80' lang='lat' dir='ltr'><strong>ecclesiae</strong></span> <span class='ocrx_word' id='word_1_166' title='bbox 1402 1745 1576 1795; x_wconf 81' lang='lat' dir='ltr'><strong>neunt</strong></span> <span class='ocrx_word' id='word_1_167' title='bbox 1612 1739 1707 1793; x_wconf 89' lang='lat' dir='ltr'><strong>ihn</strong></span> <span class='ocrx_word' id='word_1_168' title='bbox 1744 1739 1957 1794; x_wconf 81' lang='lat' dir='ltr'><strong>Hieron.</strong></span> <span class='ocrx_word' id='word_1_169' title='bbox 1994 1736 2117 1792; x_wconf 82' lang='lat' dir='ltr'><strong>adv,</strong></span> <span class='ocrx_word' id='word_1_170' title='bbox 2154 1736 2343 1792; x_wconf 81' lang='lat' dir='ltr'><strong>Jovin.</strong></span> <span class='ocrx_word' id='word_1_171' title='bbox 2382 1739 2438 1811; x_wconf 85' lang='lat'><strong>1,</strong></span> <span class='ocrx_word' id='word_1_172' title='bbox 2467 1737 2519 1792; x_wconf 77' lang='lat'><strong>6.</strong></span> <span class='ocrx_word' id='word_1_173' title='bbox 2590 1737 2799 1792; x_wconf 80' lang='lat' dir='ltr'><strong>Missus</strong></span> <span class='ocrx_word' id='word_1_174' title='bbox 2834 1745 2931 1794; x_wconf 78' lang='lat' dir='ltr'><strong>est</strong></span> <span class='ocrx_word' id='word_1_175' title='bbox 2970 1738 3042 1794; x_wconf 83' lang='lat' dir='ltr'><strong>ad</strong></span> 
     </span>
     <span class='ocr_line' id='line_1_16' title="bbox 408 1827 3036 1902; baseline 0.001 -18"><span class='ocrx_word' id='word_1_176' title='bbox 408 1835 607 1902; x_wconf 72' lang='lat' dir='ltr'><strong>gentes</strong></span> <span class='ocrx_word' id='word_1_177' title='bbox 645 1832 942 1899; x_wconf 87' lang='lat' dir='ltr'><strong>apostolus</strong></span> <span class='ocrx_word' id='word_1_178' title='bbox 978 1832 1260 1900; x_wconf 80' lang='lat' dir='ltr'><strong>minimus,</strong></span> <span class='ocrx_word' id='word_1_179' title='bbox 1325 1837 1384 1886; x_wconf 89' lang='lat' dir='ltr'><strong>et</strong></span> <span class='ocrx_word' id='word_1_180' title='bbox 1426 1830 1659 1885; x_wconf 86' lang='lat' dir='ltr'><strong>multum</strong></span> <span class='ocrx_word' id='word_1_181' title='bbox 1696 1828 1986 1884; x_wconf 86' lang='lat' dir='ltr'><strong>laboravit</strong></span> <span class='ocrx_word' id='word_1_182' title='bbox 2021 1828 2079 1882; x_wconf 93' lang='lat' dir='ltr'><strong>in</strong></span> <span class='ocrx_word' id='word_1_183' title='bbox 2115 1827 2377 1898; x_wconf 80' lang='lat' dir='ltr'><strong>gentibus</strong></span> <span class='ocrx_word' id='word_1_184' title='bbox 2428 1832 2488 1883; x_wconf 90' lang='lat' dir='ltr'><strong>et</strong></span> <span class='ocrx_word' id='word_1_185' title='bbox 2521 1842 2626 1900; x_wconf 88' lang='lat' dir='ltr'><strong>per</strong></span> <span class='ocrx_word' id='word_1_186' title='bbox 2661 1845 2786 1884; x_wconf 90' lang='lat' dir='ltr'><strong>eum</strong></span> <span class='ocrx_word' id='word_1_187' title='bbox 2823 1836 3036 1902; x_wconf 75' lang='lat' dir='ltr'><strong>gentes</strong></span> 
     </span>
     <span class='ocr_line' id='line_1_17' title="bbox 409 1915 2073 1990; baseline -0.001 -19"><span class='ocrx_word' id='word_1_188' title='bbox 409 1916 783 1974; x_wconf 83' lang='lat' dir='ltr'><strong>crediderunt.</strong></span> <span class='ocrx_word' id='word_1_189' title='bbox 855 1919 914 1975; x_wconf 88' lang='lat' dir='ltr'><strong>S.</strong></span> <span class='ocrx_word' id='word_1_190' title='bbox 953 1921 1223 1990; x_wconf 61' lang='lat' dir='ltr'><strong>Anyto-alini</strong></span> <span class='ocrx_word' id='word_1_191' title='bbox 1255 1932 1444 1973; x_wconf 79' lang='lat' dir='ltr'><strong>sermo</strong></span> <span class='ocrx_word' id='word_1_192' title='bbox 1481 1920 1568 1985; x_wconf 73' lang='lat'><strong>7⁷,</strong></span> <span class='ocrx_word' id='word_1_193' title='bbox 1613 1918 1665 1971; x_wconf 84' lang='lat'><strong>5.</strong></span> <span class='ocrx_word' id='word_1_194' title='bbox 1716 1915 1897 1972; x_wconf 74' lang='lat' dir='ltr'><strong>Galat.</strong></span> <span class='ocrx_word' id='word_1_195' title='bbox 1932 1919 1986 1985; x_wconf 77' lang='lat'><strong>2,</strong></span> <span class='ocrx_word' id='word_1_196' title='bbox 2021 1917 2073 1970; x_wconf 90' lang='grc'><strong>9.</strong></span> 
     </span>
    </p>

    <p class='ocr_par' dir='ltr' id='par_1_6' title="bbox 589 2000 2943 2078">
     <span class='ocr_line' id='line_1_18' title="bbox 589 2000 2943 2078; baseline -0 -20"><span class='ocrx_word' id='word_1_197' title='bbox 589 2005 652 2058; x_wconf 89' lang='lat' dir='ltr'><strong>V.</strong></span> <span class='ocrx_word' id='word_1_198' title='bbox 690 2009 743 2060; x_wconf 69' lang='lat'><strong>4.</strong></span> <span class='ocrx_word' id='word_1_199' title='bbox 799 2005 967 2078; x_wconf 78' lang='lat' dir='ltr'><strong>signo</strong></span> <span class='ocrx_word' id='word_1_200' title='bbox 1004 2006 1217 2074; x_wconf 84' lang='lat' dir='ltr'><strong>crucis,</strong></span> <span class='ocrx_word' id='word_1_201' title='bbox 1253 2003 1390 2058; x_wconf 80' lang='lat' dir='ltr'><strong>weil</strong></span> <span class='ocrx_word' id='word_1_202' title='bbox 1426 2018 1492 2058; x_wconf 87' lang='lat' dir='ltr'><strong>er</strong></span> <span class='ocrx_word' id='word_1_203' title='bbox 1526 2001 1889 2074; x_wconf 76' lang='lat' dir='ltr'><strong>stig-matisirt</strong></span> <span class='ocrx_word' id='word_1_204' title='bbox 1922 2017 2062 2056; x_wconf 82' lang='lat' dir='ltr'><strong>war.</strong></span> <span class='ocrx_word' id='word_1_205' title='bbox 2133 2003 2169 2054; x_wconf 89' lang='grc'><strong>2</strong></span> <span class='ocrx_word' id='word_1_206' title='bbox 2206 2001 2336 2058; x_wconf 86' lang='lat' dir='ltr'><strong>Cor.</strong></span> <span class='ocrx_word' id='word_1_207' title='bbox 2371 2004 2426 2071; x_wconf 67' lang='lat'><strong>4,</strong></span> <span class='ocrx_word' id='word_1_208' title='bbox 2461 2003 2545 2055; x_wconf 95' lang='grc'><strong>10.</strong></span> <span class='ocrx_word' id='word_1_209' title='bbox 2602 2000 2723 2058; x_wconf 83' lang='lat' dir='ltr'><strong>Gal.</strong></span> <span class='ocrx_word' id='word_1_210' title='bbox 2758 2003 2813 2072; x_wconf 81' lang='lat'><strong>6,</strong></span> <span class='ocrx_word' id='word_1_211' title='bbox 2851 2006 2943 2057; x_wconf 74' lang='grc'><strong>17.</strong></span> 
     </span>
    </p>

    <p class='ocr_par' dir='ltr' id='par_1_7' title="bbox 588 2088 2337 2164">
     <span class='ocr_line' id='line_1_19' title="bbox 588 2088 2337 2164; baseline -0.002 -19"><span class='ocrx_word' id='word_1_212' title='bbox 588 2092 653 2146; x_wconf 92' lang='lat' dir='ltr'><strong>V.</strong></span> <span class='ocrx_word' id='word_1_213' title='bbox 689 2095 740 2147; x_wconf 83' lang='lat'><strong>5.</strong></span> <span class='ocrx_word' id='word_1_214' title='bbox 793 2092 988 2156; x_wconf 76' lang='grc' dir='ltr'><strong><em>σκεῦος</em></strong></span> <span class='ocrx_word' id='word_1_215' title='bbox 1027 2092 1271 2164; x_wconf 65' lang='grc' dir='ltr'><strong>ἐκλογῆς.</strong></span> <span class='ocrx_word' id='word_1_216' title='bbox 1318 2090 1445 2147; x_wconf 77' lang='lat' dir='ltr'><strong>Jun.</strong></span> <span class='ocrx_word' id='word_1_217' title='bbox 1478 2090 1566 2144; x_wconf 92' lang='grc'><strong>29.</strong></span> <span class='ocrx_word' id='word_1_218' title='bbox 1604 2090 1749 2144; x_wconf 87' lang='lat' dir='ltr'><strong>nach</strong></span> <span class='ocrx_word' id='word_1_219' title='bbox 1783 2091 1909 2144; x_wconf 80' lang='lat' dir='ltr'><strong>Act.</strong></span> <span class='ocrx_word' id='word_1_220' title='bbox 1947 2092 2131 2160; x_wconf 87' lang='lat' dir='ltr'><strong>apost.</strong></span> <span class='ocrx_word' id='word_1_221' title='bbox 2164 2088 2215 2157; x_wconf 92' lang='grc'><strong>9,</strong></span> <span class='ocrx_word' id='word_1_222' title='bbox 2254 2089 2337 2141; x_wconf 79' lang='grc'><strong>15.</strong></span> 
     </span>
    </p>

    <p class='ocr_par' dir='ltr' id='par_1_8' title="bbox 406 2171 3040 2422">
     <span class='ocr_line' id='line_1_20' title="bbox 584 2171 3039 2252; baseline -0 -20"><span class='ocrx_word' id='word_1_223' title='bbox 584 2180 651 2232; x_wconf 92' lang='lat' dir='ltr'><strong>V.</strong></span> <span class='ocrx_word' id='word_1_224' title='bbox 687 2178 737 2233; x_wconf 82' lang='lat'><strong>8.</strong></span> <span class='ocrx_word' id='word_1_225' title='bbox 775 2180 824 2233; x_wconf 80' lang='lat'><strong>9.</strong></span> <span class='ocrx_word' id='word_1_226' title='bbox 872 2179 1223 2247; x_wconf 82' lang='lat' dir='ltr'><strong>illustratus,</strong></span> <span class='ocrx_word' id='word_1_227' title='bbox 1273 2176 1563 2231; x_wconf 81' lang='lat' dir='ltr'><strong>illuminet.</strong></span> <span class='ocrx_word' id='word_1_228' title='bbox 1636 2181 1691 2230; x_wconf 80' lang='grc' dir='ltr'><strong>τί</strong></span> <span class='ocrx_word' id='word_1_229' title='bbox 1729 2177 1830 2248; x_wconf 72' lang='grc' dir='ltr'><strong>μὲν</strong></span> <span class='ocrx_word' id='word_1_230' title='bbox 1876 2173 2257 2250; x_wconf 76' lang='grc' dir='ltr'><strong><em>λαμπρότερον</em></strong></span> <span class='ocrx_word' id='word_1_231' title='bbox 2304 2171 2532 2230; x_wconf 78' lang='grc' dir='ltr'><em>Παύλου</em></span> <span class='ocrx_word' id='word_1_232' title='bbox 2542 2198 2560 2240; x_wconf 85' lang='grc'><strong>,-</strong></span> <span class='ocrx_word' id='word_1_233' title='bbox 2607 2179 2660 2230; x_wconf 79' lang='grc' dir='ltr'><strong>τί</strong></span> <span class='ocrx_word' id='word_1_234' title='bbox 2694 2174 2757 2230; x_wconf 72' lang='grc' dir='ltr'><strong>δὲ</strong></span> <span class='ocrx_word' id='word_1_235' title='bbox 2793 2196 3039 2252; x_wconf 54' lang='lat' dir='ltr'><strong>metme-</strong></span> 
     </span>
     <span class='ocr_line' id='line_1_21' title="bbox 406 2257 3040 2339; baseline -0.001 -18"><span class='ocrx_word' id='word_1_236' title='bbox 406 2269 656 2339; x_wconf 71' lang='grc' dir='ltr'><strong><em>νέα-τερον</em></strong></span> <span class='ocrx_word' id='word_1_237' title='bbox 682 2266 930 2339; x_wconf 64' lang='grc' dir='ltr'><strong><em>Πέτρους</em></strong></span> <span class='ocrx_word' id='word_1_238' title='bbox 965 2267 1023 2320; x_wconf 75' lang='grc' dir='ltr'><strong>οἳ</strong></span> <span class='ocrx_word' id='word_1_239' title='bbox 1053 2264 1151 2337; x_wconf 75' lang='grc' dir='ltr'><strong>τὴν</strong></span> <span class='ocrx_word' id='word_1_240' title='bbox 1187 2266 1503 2335; x_wconf 69' lang='grc' dir='ltr'><strong><em>οἰκουμένην</em></strong></span> <span class='ocrx_word' id='word_1_241' title='bbox 1536 2265 1904 2337; x_wconf 73' lang='grc' dir='ltr'><strong>περιέτρεχον,</strong></span> <span class='ocrx_word' id='word_1_242' title='bbox 1938 2258 2078 2336; x_wconf 69' lang='grc' dir='ltr'><strong>ὑπὲρ</strong></span> <span class='ocrx_word' id='word_1_243' title='bbox 2115 2259 2210 2316; x_wconf 73' lang='grc' dir='ltr'><strong>τὸν</strong></span> <span class='ocrx_word' id='word_1_244' title='bbox 2236 2257 2390 2330; x_wconf 80' lang='grc' dir='ltr'><strong><em>ἥλιον</em></strong></span> <span class='ocrx_word' id='word_1_245' title='bbox 2415 2257 2738 2333; x_wconf 69' lang='grc' dir='ltr'><strong>λάμποντος.</strong></span> <span class='ocrx_word' id='word_1_246' title='bbox 2776 2263 3040 2337; x_wconf 55' lang='lat' dir='ltr'><strong>Chrysea.</strong></span> 
     </span>
     <span class='ocr_line' id='line_1_22' title="bbox 406 2351 834 2422; baseline -0.005 -16"><span class='ocrx_word' id='word_1_247' title='bbox 406 2351 464 2406; x_wconf 91' lang='lat' dir='ltr'><strong>in</strong></span> <span class='ocrx_word' id='word_1_248' title='bbox 501 2367 584 2422; x_wconf 85' lang='lat' dir='ltr'><strong>ps.</strong></span> <span class='ocrx_word' id='word_1_249' title='bbox 624 2353 748 2418; x_wconf 93' lang='grc'><strong>109,</strong></span> <span class='ocrx_word' id='word_1_250' title='bbox 783 2353 834 2404; x_wconf 82' lang='grc'><strong>6.</strong></span> 
     </span>
    </p>

    <p class='ocr_par' dir='ltr' id='par_1_9' title="bbox 579 2437 2399 2511">
     <span class='ocr_line' id='line_1_23' title="bbox 579 2437 2399 2511; baseline 0.001 -21"><span class='ocrx_word' id='word_1_251' title='bbox 579 2438 646 2492; x_wconf 92' lang='lat' dir='ltr'><strong>V.</strong></span> <span class='ocrx_word' id='word_1_252' title='bbox 683 2440 734 2492; x_wconf 83' lang='grc'><strong>9.</strong></span> <span class='ocrx_word' id='word_1_253' title='bbox 787 2439 995 2493; x_wconf 73' lang='lat' dir='ltr'><strong>Datum</strong></span> <span class='ocrx_word' id='word_1_254' title='bbox 1029 2438 1209 2494; x_wconf 79' lang='lat' dir='ltr'><strong>heisst</strong></span> <span class='ocrx_word' id='word_1_255' title='bbox 1244 2454 1308 2494; x_wconf 84' lang='lat' dir='ltr'><strong>er</strong></span> <span class='ocrx_word' id='word_1_256' title='bbox 1341 2437 1603 2511; x_wconf 75' lang='grc' dir='ltr'><strong><em>καύχημα</em></strong></span> <span class='ocrx_word' id='word_1_257' title='bbox 1638 2445 1733 2508; x_wconf 77' lang='grc' dir='ltr'><strong>τῆς</strong></span> <span class='ocrx_word' id='word_1_258' title='bbox 1771 2438 2098 2509; x_wconf 66' lang='grc' dir='ltr'><strong>οἰκουμένης.</strong></span> <span class='ocrx_word' id='word_1_259' title='bbox 2150 2438 2278 2495; x_wconf 76' lang='lat' dir='ltr'><strong>Jun.</strong></span> <span class='ocrx_word' id='word_1_260' title='bbox 2312 2438 2399 2492; x_wconf 78' lang='lat'><strong>29.</strong></span> 
     </span>
    </p>

    <p class='ocr_par' dir='ltr' id='par_1_10' title="bbox 408 2520 3042 2687">
     <span class='ocr_line' id='line_1_24' title="bbox 584 2520 3042 2599; baseline 0.002 -23"><span class='ocrx_word' id='word_1_261' title='bbox 584 2524 650 2576; x_wconf 88' lang='lat' dir='ltr'><strong>V.</strong></span> <span class='ocrx_word' id='word_1_262' title='bbox 685 2526 774 2577; x_wconf 85' lang='lat'><strong>20.</strong></span> <span class='ocrx_word' id='word_1_263' title='bbox 827 2532 895 2597; x_wconf 82' lang='grc' dir='ltr'><strong>τῇ</strong></span> <span class='ocrx_word' id='word_1_264' title='bbox 924 2523 1254 2597; x_wconf 75' lang='grc' dir='ltr'><strong><em>πνευματικῇ</em></strong></span> <span class='ocrx_word' id='word_1_265' title='bbox 1298 2527 1556 2583; x_wconf 72' lang='grc' dir='ltr'><strong><em>διαθέσει</em></strong></span> <span class='ocrx_word' id='word_1_266' title='bbox 1591 2523 1802 2587; x_wconf 73' lang='grc' dir='ltr'><strong><em>πάντας</em></strong></span> <span class='ocrx_word' id='word_1_267' title='bbox 1835 2523 1964 2587; x_wconf 76' lang='grc' dir='ltr'><strong>τοὺς</strong></span> <span class='ocrx_word' id='word_1_268' title='bbox 2002 2521 2164 2587; x_wconf 79' lang='grc' dir='ltr'><em>ὄντας</em></span> <span class='ocrx_word' id='word_1_269' title='bbox 2201 2520 2544 2599; x_wconf 75' lang='grc' dir='ltr'><strong><em>ἀνθρώπους</em></strong></span> <span class='ocrx_word' id='word_1_270' title='bbox 2579 2525 2671 2580; x_wconf 64' lang='lat' dir='ltr'><strong>§nt</strong></span> <span class='ocrx_word' id='word_1_271' title='bbox 2703 2521 2800 2596; x_wconf 72' lang='grc' dir='ltr'><strong>τῆς</strong></span> <span class='ocrx_word' id='word_1_272' title='bbox 2833 2522 2945 2599; x_wconf 66' lang='grc' dir='ltr'><strong>γῆς</strong></span> <span class='ocrx_word' id='word_1_273' title='bbox 2980 2525 3042 2580; x_wconf 67' lang='grc' dir='ltr'><strong>ἀι</strong></span> 
     </span>
     <span class='ocr_line' id='line_1_25' title="bbox 408 2607 2363 2687; baseline 0 -22"><span class='ocrx_word' id='word_1_274' title='bbox 408 2610 613 2665; x_wconf 81' lang='grc' dir='ltr'><strong><em>πολλου</em></strong></span> <span class='ocrx_word' id='word_1_275' title='bbox 649 2607 748 2666; x_wconf 80' lang='grc' dir='ltr'><strong>τοῦ</strong></span> <span class='ocrx_word' id='word_1_276' title='bbox 782 2608 1065 2685; x_wconf 76' lang='grc' dir='ltr'><strong><em>περιόντος</em></strong></span> <span class='ocrx_word' id='word_1_277' title='bbox 1100 2609 1401 2687; x_wconf 77' lang='grc' dir='ltr'><strong>παρήλασε.</strong></span> <span class='ocrx_word' id='word_1_278' title='bbox 1476 2613 1731 2685; x_wconf 54' lang='lat' dir='ltr'><strong>chrysost.</strong></span> <span class='ocrx_word' id='word_1_279' title='bbox 1767 2612 1837 2667; x_wconf 89' lang='lat' dir='ltr'><strong>de</strong></span> <span class='ocrx_word' id='word_1_280' title='bbox 1874 2617 2186 2683; x_wconf 83' lang='lat' dir='ltr'><strong>compunct.</strong></span> <span class='ocrx_word' id='word_1_281' title='bbox 2222 2614 2276 2681; x_wconf 88' lang='grc'><strong>2,</strong></span> <span class='ocrx_word' id='word_1_282' title='bbox 2311 2614 2363 2666; x_wconf 85' lang='grc'><strong>2.</strong></span> 
     </span>
    </p>
   </div>
   <div class='ocr_carea' id='block_1_5' title="bbox 1145 2891 2294 2992">
    <p class='ocr_par' dir='ltr' id='par_1_11' title="bbox 1145 2891 2294 2992">
     <span class='ocr_line' id='line_1_26' title="bbox 1145 2891 2294 2992; baseline -0.001 -27"><span class='ocrx_word' id='word_1_283' title='bbox 1145 2892 1319 2968; x_wconf 87' lang='grc'><strong>682.</strong></span> <span class='ocrx_word' id='word_1_284' title='bbox 1393 2894 1509 2965; x_wconf 86' lang='lat' dir='ltr'><strong>De</strong></span> <span class='ocrx_word' id='word_1_285' title='bbox 1552 2919 1609 2965; x_wconf 84' lang='lat' dir='ltr'><strong>s.</strong></span> <span class='ocrx_word' id='word_1_286' title='bbox 1659 2893 1895 2967; x_wconf 89' lang='lat' dir='ltr'><strong>Paulo</strong></span> <span class='ocrx_word' id='word_1_287' title='bbox 1948 2891 2294 2992; x_wconf 83' lang='lat' dir='ltr'><strong>apostolo.</strong></span> 
     </span>
    </p>
   </div>
   <div class='ocr_carea' id='block_1_6' title="bbox 390 3086 3032 4668">
    <p class='ocr_par' dir='ltr' id='par_1_12' title="bbox 390 3086 3032 4668">
     <span class='ocr_line' id='line_1_27' title="bbox 407 3086 2662 3180; baseline 0.002 -25"><span class='ocrx_word' id='word_1_288' title='bbox 407 3086 610 3155; x_wconf 86' lang='lat' dir='ltr'><strong>Salve</strong></span> <span class='ocrx_word' id='word_1_289' title='bbox 656 3101 876 3158; x_wconf 88' lang='lat' dir='ltr'><strong>sancte</strong></span> <span class='ocrx_word' id='word_1_290' title='bbox 921 3092 1154 3177; x_wconf 88' lang='lat' dir='ltr'><strong>Paule,</strong></span> <span class='ocrx_word' id='word_1_291' title='bbox 1201 3095 1368 3178; x_wconf 85' lang='lat' dir='ltr'><strong>legis</strong></span> <span class='ocrx_word' id='word_1_292' title='bbox 1763 3097 2014 3180; x_wconf 79' lang='lat' dir='ltr'><strong>Raptus</strong></span> <span class='ocrx_word' id='word_1_293' title='bbox 2061 3114 2134 3159; x_wconf 87' lang='lat' dir='ltr'><strong>es</strong></span> <span class='ocrx_word' id='word_1_294' title='bbox 2182 3096 2242 3159; x_wconf 88' lang='lat' dir='ltr'><strong>in</strong></span> <span class='ocrx_word' id='word_1_295' title='bbox 2288 3092 2662 3180; x_wconf 80' lang='lat' dir='ltr'><strong>paradisum</strong></span> 
     </span>
     <span class='ocr_line' id='line_1_28' title="bbox 495 3196 2641 3282; baseline 0 -26"><span class='ocrx_word' id='word_1_296' title='bbox 495 3197 739 3259; x_wconf 86' lang='lat' dir='ltr'><strong>veteris</strong></span> <span class='ocrx_word' id='word_1_297' title='bbox 784 3198 1125 3263; x_wconf 89' lang='lat' dir='ltr'><strong>armarium</strong></span> <span class='ocrx_word' id='word_1_298' title='bbox 1145 3246 1163 3282; x_wconf 86' lang='lat'>‚</span> <span class='ocrx_word' id='word_1_299' title='bbox 1853 3204 1919 3261; x_wconf 89' lang='lat' dir='ltr'><strong>et</strong></span> <span class='ocrx_word' id='word_1_300' title='bbox 1961 3197 2028 3261; x_wconf 91' lang='lat' dir='ltr'><strong>in</strong></span> <span class='ocrx_word' id='word_1_301' title='bbox 2074 3196 2303 3260; x_wconf 87' lang='lat' dir='ltr'><strong>coelum</strong></span> <span class='ocrx_word' id='word_1_302' title='bbox 2350 3196 2641 3276; x_wconf 84' lang='lat' dir='ltr'><strong>tertium,</strong></span> 
     </span>
     <span class='ocr_line' id='line_1_29' title="bbox 405 3293 2623 3384; baseline 0.001 -25"><span class='ocrx_word' id='word_1_303' title='bbox 405 3293 574 3380; x_wconf 80' lang='lat' dir='ltr'><strong>legis</strong></span> <span class='ocrx_word' id='word_1_304' title='bbox 619 3315 811 3363; x_wconf 84' lang='lat' dir='ltr'><strong>novae</strong></span> <span class='ocrx_word' id='word_1_305' title='bbox 858 3298 1098 3365; x_wconf 83' lang='lat' dir='ltr'><strong>Christi</strong></span> <span class='ocrx_word' id='word_1_306' title='bbox 1139 3301 1317 3384; x_wconf 83' lang='lat' dir='ltr'><strong>regis</strong></span> <span class='ocrx_word' id='word_1_307' title='bbox 1766 3300 2003 3365; x_wconf 88' lang='lat' dir='ltr'><strong>trinum</strong></span> <span class='ocrx_word' id='word_1_308' title='bbox 2047 3297 2235 3362; x_wconf 84' lang='lat' dir='ltr'><strong>vides</strong></span> <span class='ocrx_word' id='word_1_309' title='bbox 2281 3296 2623 3362; x_wconf 86' lang='lat' dir='ltr'><strong>indivisum</strong></span> 
     </span>
     <span class='ocr_line' id='line_1_30' title="bbox 491 3400 3032 3484; baseline 0 -19"><span class='ocrx_word' id='word_1_310' title='bbox 491 3401 788 3466; x_wconf 87' lang='lat' dir='ltr'><strong>coelicum</strong></span> <span class='ocrx_word' id='word_1_311' title='bbox 837 3404 1221 3468; x_wconf 89' lang='lat' dir='ltr'><strong>sacrarium!</strong></span> <span class='ocrx_word' id='word_1_312' title='bbox 1854 3408 2216 3467; x_wconf 80' lang='lat' dir='ltr'><strong>creatorem</strong></span> <span class='ocrx_word' id='word_1_313' title='bbox 2264 3400 2533 3484; x_wconf 87' lang='lat' dir='ltr'><strong>entium,</strong></span> <span class='ocrx_word' id='word_1_314' title='bbox 2943 3401 3032 3466; x_wconf 81' lang='lat'><strong>20</strong></span> 
     </span>
     <span class='ocr_line' id='line_1_31' title="bbox 402 3497 2732 3584; baseline 0 -20"><span class='ocrx_word' id='word_1_315' title='bbox 402 3497 700 3564; x_wconf 81' lang='lat' dir='ltr'><strong>Christus</strong></span> <span class='ocrx_word' id='word_1_316' title='bbox 745 3503 889 3566; x_wconf 89' lang='lat' dir='ltr'><strong>luce</strong></span> <span class='ocrx_word' id='word_1_317' title='bbox 935 3509 999 3565; x_wconf 85' lang='lat' dir='ltr'><strong>te</strong></span> <span class='ocrx_word' id='word_1_318' title='bbox 1045 3502 1347 3583; x_wconf 84' lang='lat' dir='ltr'><strong>caecavit,</strong></span> <span class='ocrx_word' id='word_1_319' title='bbox 1619 3504 1657 3563; x_wconf 80' lang='lat'><strong>5</strong></span> <span class='ocrx_word' id='word_1_320' title='bbox 1768 3503 1983 3584; x_wconf 88' lang='lat' dir='ltr'><strong>audis,</strong></span> <span class='ocrx_word' id='word_1_321' title='bbox 2031 3502 2245 3565; x_wconf 84' lang='lat' dir='ltr'><strong>cernis</strong></span> <span class='ocrx_word' id='word_1_322' title='bbox 2293 3510 2447 3566; x_wconf 88' lang='lat' dir='ltr'><strong>tunc</strong></span> <span class='ocrx_word' id='word_1_323' title='bbox 2490 3519 2732 3566; x_wconf 88' lang='lat' dir='ltr'><strong>arcana</strong></span> 
     </span>
     <span class='ocr_line' id='line_1_32' title="bbox 487 3600 2499 3685; baseline 0.001 -23"><span class='ocrx_word' id='word_1_324' title='bbox 487 3619 836 3682; x_wconf 80' lang='lat' dir='ltr'><strong>perperam</strong></span> <span class='ocrx_word' id='word_1_325' title='bbox 882 3600 1033 3664; x_wconf 90' lang='lat' dir='ltr'><strong>dum</strong></span> <span class='ocrx_word' id='word_1_326' title='bbox 1078 3601 1409 3685; x_wconf 82' lang='lat' dir='ltr'><strong>graderis,</strong></span> <span class='ocrx_word' id='word_1_327' title='bbox 1851 3602 1918 3666; x_wconf 94' lang='lat' dir='ltr'><strong>in</strong></span> <span class='ocrx_word' id='word_1_328' title='bbox 1964 3601 2183 3665; x_wconf 82' lang='lat' dir='ltr'><strong>divino</strong></span> <span class='ocrx_word' id='word_1_329' title='bbox 2229 3601 2499 3683; x_wconf 88' lang='lat' dir='ltr'><strong>lumine,</strong></span> 
     </span>
     <span class='ocr_line' id='line_1_33' title="bbox 400 3700 2896 3787; baseline 0.002 -26"><span class='ocrx_word' id='word_1_330' title='bbox 400 3716 568 3764; x_wconf 86' lang='lat' dir='ltr'><strong>voce</strong></span> <span class='ocrx_word' id='word_1_331' title='bbox 613 3700 896 3763; x_wconf 88' lang='lat' dir='ltr'><strong>clamans</strong></span> <span class='ocrx_word' id='word_1_332' title='bbox 943 3711 1008 3765; x_wconf 87' lang='lat' dir='ltr'><strong>te</strong></span> <span class='ocrx_word' id='word_1_333' title='bbox 1053 3704 1449 3787; x_wconf 75' lang='lat' dir='ltr'><strong>prostravit:</strong></span> <span class='ocrx_word' id='word_1_334' title='bbox 1771 3723 1918 3787; x_wconf 84' lang='lat' dir='ltr'><strong>quae</strong></span> <span class='ocrx_word' id='word_1_335' title='bbox 1961 3721 2090 3768; x_wconf 87' lang='lat' dir='ltr'><strong>non</strong></span> <span class='ocrx_word' id='word_1_336' title='bbox 2137 3704 2321 3786; x_wconf 84' lang='lat' dir='ltr'><strong>capit</strong></span> <span class='ocrx_word' id='word_1_337' title='bbox 2359 3722 2539 3766; x_wconf 88' lang='lat' dir='ltr'><strong>mens</strong></span> <span class='ocrx_word' id='word_1_338' title='bbox 2584 3702 2896 3782; x_wconf 88' lang='lat' dir='ltr'><strong>humana,</strong></span> 
     </span>
     <span class='ocr_line' id='line_1_34' title="bbox 490 3798 2588 3885; baseline 0 -20"><span class='ocrx_word' id='word_1_339' title='bbox 490 3808 600 3885; x_wconf 82' lang='lat' dir='ltr'><strong>„ut</strong></span> <span class='ocrx_word' id='word_1_340' title='bbox 646 3798 798 3881; x_wconf 90' lang='lat' dir='ltr'><strong>quid</strong></span> <span class='ocrx_word' id='word_1_341' title='bbox 842 3820 943 3864; x_wconf 91' lang='lat' dir='ltr'><strong>me</strong></span> <span class='ocrx_word' id='word_1_342' title='bbox 987 3800 1449 3885; x_wconf 85' lang='lat' dir='ltr'><strong>persequeris“</strong></span> <span class='ocrx_word' id='word_1_343' title='bbox 1470 3804 1507 3868; x_wconf 67' lang='lat'><strong>⁸?</strong></span> <span class='ocrx_word' id='word_1_344' title='bbox 1848 3823 1975 3869; x_wconf 90' lang='lat' dir='ltr'><strong>nec</strong></span> <span class='ocrx_word' id='word_1_345' title='bbox 2024 3811 2289 3868; x_wconf 82' lang='lat' dir='ltr'><strong>enarrat</strong></span> <span class='ocrx_word' id='word_1_346' title='bbox 2333 3803 2588 3867; x_wconf 86' lang='lat' dir='ltr'><strong>famine.</strong></span> 
     </span>
     <span class='ocr_line' id='line_1_35' title="bbox 396 3953 3029 4049; baseline 0.003 -23"><span class='ocrx_word' id='word_1_347' title='bbox 396 3953 536 4026; x_wconf 85' lang='lat' dir='ltr'><strong>Sed</strong></span> <span class='ocrx_word' id='word_1_348' title='bbox 580 3971 893 4028; x_wconf 86' lang='lat' dir='ltr'><strong>caecatum</strong></span> <span class='ocrx_word' id='word_1_349' title='bbox 939 3973 1005 4030; x_wconf 88' lang='lat' dir='ltr'><strong>et</strong></span> <span class='ocrx_word' id='word_1_350' title='bbox 1052 3975 1447 4049; x_wconf 87' lang='lat' dir='ltr'><strong>prostratum</strong></span> <span class='ocrx_word' id='word_1_351' title='bbox 1760 3968 1929 4033; x_wconf 82' lang='lat' dir='ltr'><strong>Hinc</strong></span> <span class='ocrx_word' id='word_1_352' title='bbox 1975 3967 2272 4032; x_wconf 87' lang='lat' dir='ltr'><strong>doctrina</strong></span> <span class='ocrx_word' id='word_1_353' title='bbox 2314 3968 2471 4031; x_wconf 77' lang='lat' dir='ltr'><strong>vitae</strong></span> <span class='ocrx_word' id='word_1_354' title='bbox 2514 3985 2763 4032; x_wconf 89' lang='lat' dir='ltr'><strong>morum</strong></span> <span class='ocrx_word' id='word_1_355' title='bbox 2937 3971 3029 4033; x_wconf 83' lang='lat'><strong>25</strong></span> 
     </span>
     <span class='ocr_line' id='line_1_36' title="bbox 482 4067 2705 4152; baseline 0.002 -22"><span class='ocrx_word' id='word_1_356' title='bbox 482 4067 706 4150; x_wconf 84' lang='lat' dir='ltr'><strong>erigit,</strong></span> <span class='ocrx_word' id='word_1_357' title='bbox 750 4067 1094 4152; x_wconf 87' lang='lat' dir='ltr'><strong>illuminat,</strong></span> <span class='ocrx_word' id='word_1_358' title='bbox 1572 4073 1654 4136; x_wconf 94' lang='grc'><strong>10</strong></span> <span class='ocrx_word' id='word_1_359' title='bbox 1847 4079 2052 4136; x_wconf 83' lang='lat' dir='ltr'><strong>totum</strong></span> <span class='ocrx_word' id='word_1_360' title='bbox 2093 4068 2396 4135; x_wconf 87' lang='lat' dir='ltr'><strong>mundum</strong></span> <span class='ocrx_word' id='word_1_361' title='bbox 2442 4070 2705 4134; x_wconf 87' lang='lat' dir='ltr'><strong>instruis</strong></span> 
     </span>
     <span class='ocr_line' id='line_1_37' title="bbox 394 4166 2528 4258; baseline -0 -22"><span class='ocrx_word' id='word_1_362' title='bbox 394 4166 719 4237; x_wconf 85' lang='lat' dir='ltr'><strong>Ananiam</strong></span> <span class='ocrx_word' id='word_1_363' title='bbox 757 4172 897 4258; x_wconf 91' lang='lat' dir='ltr'><strong>jam</strong></span> <span class='ocrx_word' id='word_1_364' title='bbox 945 4178 1287 4257; x_wconf 88' lang='lat' dir='ltr'><strong>probatum</strong></span> <span class='ocrx_word' id='word_1_365' title='bbox 1760 4179 1828 4236; x_wconf 88' lang='lat' dir='ltr'><strong>et</strong></span> <span class='ocrx_word' id='word_1_366' title='bbox 1872 4172 2160 4236; x_wconf 84' lang='lat' dir='ltr'><strong>cultores</strong></span> <span class='ocrx_word' id='word_1_367' title='bbox 2205 4171 2528 4236; x_wconf 87' lang='lat' dir='ltr'><strong>idolorum</strong></span> 
     </span>
     <span class='ocr_line' id='line_1_38' title="bbox 480 4273 2633 4362; baseline 0 -24"><span class='ocrx_word' id='word_1_368' title='bbox 480 4276 691 4340; x_wconf 79' lang='lat' dir='ltr'><strong>virum</strong></span> <span class='ocrx_word' id='word_1_369' title='bbox 736 4278 853 4341; x_wconf 87' lang='lat' dir='ltr'><strong>tibi</strong></span> <span class='ocrx_word' id='word_1_370' title='bbox 898 4276 1209 4362; x_wconf 81' lang='lat' dir='ltr'><strong>destinat,</strong></span> <span class='ocrx_word' id='word_1_371' title='bbox 1847 4274 2053 4357; x_wconf 80' lang='lat' dir='ltr'><strong>signis</strong></span> <span class='ocrx_word' id='word_1_372' title='bbox 2095 4274 2275 4337; x_wconf 86' lang='lat' dir='ltr'><strong>miris</strong></span> <span class='ocrx_word' id='word_1_373' title='bbox 2320 4273 2633 4354; x_wconf 81' lang='lat' dir='ltr'><strong>destruis,</strong></span> 
     </span>
     <span class='ocr_line' id='line_1_39' title="bbox 394 4375 2578 4464; baseline 0.002 -26"><span class='ocrx_word' id='word_1_374' title='bbox 394 4375 505 4456; x_wconf 91' lang='lat' dir='ltr'><strong>qui</strong></span> <span class='ocrx_word' id='word_1_375' title='bbox 548 4387 960 4463; x_wconf 83' lang='lat' dir='ltr'><strong>peccantem,</strong></span> <span class='ocrx_word' id='word_1_376' title='bbox 998 4380 1408 4464; x_wconf 85' lang='lat' dir='ltr'><strong>jejunantem</strong></span> <span class='ocrx_word' id='word_1_377' title='bbox 1757 4397 1905 4442; x_wconf 88' lang='lat' dir='ltr'><strong>nam</strong></span> <span class='ocrx_word' id='word_1_378' title='bbox 1950 4387 2241 4461; x_wconf 77' lang='lat' dir='ltr'><strong>aegrotos</strong></span> <span class='ocrx_word' id='word_1_379' title='bbox 2286 4379 2578 4443; x_wconf 85' lang='lat' dir='ltr'><strong>liberasti</strong></span> 
     </span>
     <span class='ocr_line' id='line_1_40' title="bbox 481 4481 3026 4566; baseline 0.005 -28"><span class='ocrx_word' id='word_1_380' title='bbox 481 4482 547 4538; x_wconf 80' lang='lat' dir='ltr'><strong>te</strong></span> <span class='ocrx_word' id='word_1_381' title='bbox 592 4488 903 4543; x_wconf 77' lang='lat' dir='ltr'><strong>caecatum</strong></span> <span class='ocrx_word' id='word_1_382' title='bbox 951 4481 1167 4547; x_wconf 88' lang='lat' dir='ltr'><strong>triduo</strong></span> <span class='ocrx_word' id='word_1_383' title='bbox 1843 4481 2042 4544; x_wconf 86' lang='lat' dir='ltr'><strong>variis</strong></span> <span class='ocrx_word' id='word_1_384' title='bbox 2086 4481 2542 4566; x_wconf 82' lang='lat' dir='ltr'><strong>languoribus,</strong></span> <span class='ocrx_word' id='word_1_385' title='bbox 2934 4485 3026 4550; x_wconf 82' lang='grc'><strong>30</strong></span> 
     </span>
     <span class='ocr_line' id='line_1_41' title="bbox 390 4565 2735 4668; baseline 0.001 -22"><span class='ocrx_word' id='word_1_386' title='bbox 390 4578 750 4663; x_wconf 82' lang='lat' dir='ltr'><strong>baptizavit</strong></span> <span class='ocrx_word' id='word_1_387' title='bbox 796 4591 864 4647; x_wconf 89' lang='lat' dir='ltr'><strong>et</strong></span> <span class='ocrx_word' id='word_1_388' title='bbox 909 4584 1149 4649; x_wconf 86' lang='lat' dir='ltr'><strong>cibavit</strong></span> <span class='ocrx_word' id='word_1_389' title='bbox 1566 4583 1646 4647; x_wconf 81' lang='lat'><strong>15</strong></span> <span class='ocrx_word' id='word_1_390' title='bbox 1754 4583 1891 4647; x_wconf 85' lang='lat' dir='ltr'><strong>vita</strong></span> <span class='ocrx_word' id='word_1_391' title='bbox 1934 4583 2192 4649; x_wconf 77' lang='lat' dir='ltr'><strong>functos</strong></span> <span class='ocrx_word' id='word_1_392' title='bbox 2234 4584 2592 4668; x_wconf 84' lang='lat' dir='ltr'><strong>revocasti,</strong></span> <span class='ocrx_word' id='word_1_393' title='bbox 2722 4565 2735 4581; x_wconf 68' lang='lat'><em>⁰</em></span> 
     </span>
    </p>
   </div>
   <div class='ocr_carea' id='block_1_7' title="bbox 475 4680 2588 4770">
    <p class='ocr_par' dir='ltr' id='par_1_13' title="bbox 475 4680 2588 4770">
     <span class='ocr_line' id='line_1_42' title="bbox 475 4680 2588 4770; baseline 0.004 -26"><span class='ocrx_word' id='word_1_394' title='bbox 475 4680 792 4763; x_wconf 84' lang='lat' dir='ltr'><strong>videsque</strong></span> <span class='ocrx_word' id='word_1_395' title='bbox 838 4685 1160 4750; x_wconf 85' lang='lat' dir='ltr'><strong>continuo.</strong></span> <span class='ocrx_word' id='word_1_396' title='bbox 1839 4686 2121 4770; x_wconf 89' lang='lat' dir='ltr'><strong>imperas</strong></span> <span class='ocrx_word' id='word_1_397' title='bbox 2169 4687 2588 4753; x_wconf 75' lang='lat' dir='ltr'><strong>daemonibus.</strong></span> 
     </span>
    </p>
   </div>
  </div>
 </body>
</html>
