3175 5234
2680 215 2815 284 32⁶

925 604 1102 679 941.
1169 604 1580 705 Hympnum
1633 631 1690 678 s.
1741 604 2059 706 Georgii.

200 807 404 873 Gesta
446 816 815 874 sanctorum
864 815 1219 892 martyrum

194 911 571 976 meminisse·
595 911 953 996 jocundum
989 920 1099 975 „est

196 1020 266 1078 et
309 1015 374 1078 in
418 1031 642 1079 eorum
687 1014 983 1079 laudibus

196 1114 304 1179 dei
349 1133 588 1181 canere
633 1117 925 1198 gloriam.

198 1304 521 1387 Georgius
567 1302 806 1368 Christi
851 1304 1036 1368 miles
1407 1305 1446 1365 5

197 1415 380 1474 ortus
423 1414 525 1474 est
564 1405 1033 1490 Cappadociae,

197 1511 350 1594 quia
392 1530 565 1575 vana
609 1509 824 1574 mundi
869 1510 1142 1593 respuit,

193 1620 521 1678 mercatus
566 1619 667 1675 est
712 1610 1019 1675 coelestia.

194 1802 574 1876 Pecuniam,
623 1819 811 1883 quam
860 1801 1095 1864 tulerat

192 1907 467 1986 propter
511 1902 840 1976 honorem?
870 1900 1164 1984 fragilem
1188 1949 1204 1978 ,
1365 1899 1447 1964 10

195 2004 660 2088 fide-repletus
707 2004 944 2069 domini

194 2109 428 2193 stipem
474 2108 653 2172 dedit
695 2107 1112 2193 pauperibus.

195 2295 377 2361 Tunc
421 2295 770 2379 conpulsus
814 2315 855 2359 a
899 2294 1230 2379 principe,

194 2400 372 2464 saxis
416 2406 573 2463 vota
616 2397 998 2481 persolvere
1016 2444 1032 2477 5

195 2524 343 2588 quae
387 2504 497 2568 ille
540 2523 663 2587 per
707 2502 901 2567 fidem
946 2500 1187 2565 Christi
1364 2502 1444 2562 15

105 2617 112 2622 ’
193 2606 580 2691 profundum
625 2608 846 2671 mersit
891 2606 1132 2688 abyssi.
1179 2683 1187 2692 ο

1551 807 1660 874 Ira
1706 828 2021 877 accensus
2067 820 2381 896 tyrannus

1552 932 1809 995 poenam
1853 915 2101 978 innexit
2144 917 2443 1000 martyri,

1552 1014 1819 1097 flagella
1864 1036 2075 1099 saeva,
2123 1037 2456 1102 carcerem,

1552 1131 1738 1179 seras
1784 1116 1924 1180 sive
1969 1119 2372 1202 sartagines3
2720 1123 2809 1187 20

1552 1303 1728 1381 Quos
1772 1305 1883 1368 ille
1926 1323 2055 1370 non
2102 1310 2514 1392 contremuit,

1552 1407 1955 1473 confortatus
2000 1429 2040 1473 a
2084 1408 2373 1492 domino,

1552 1507 1671 1572 sed
1698 1510 1921 1590 magis
1964 1510 2030 1574 in
2074 1512 2318 1595 populo

1550 1608 1798 1674 fructus
1844 1609 2099 1675 divinos
2126 1613 2372 1677 intulit.

1550 1794 1869 1878 Reginam
1904 1794 2387 1861 Alexandriam
2720 1801 2802 1863 25

1550 1900 1815 1963 vocavit
1860 1898 1944 1962 ad
1994 1901 2403 1981 martyrium,

1553 2003 1941 2085 contempsit
1983 2002 2202 2066 mundi
2245 2004 2618 2086 thesauros-1,

1427 2173 1434 2180 ,
1554 2104 1663 2169 dei
1708 2122 2012 2170 coronam
2059 2105 2307 2169 meruit.

1550 2294 1664 2359 Bis
1710 2296 1912 2360 ternis
1957 2296 2142 2361 annis
2188 2304 2257 2361 et
2298 2313 2426 2361 uno
2471 2293 2480 2302 ’

1550 2398 1768 2497 mundi
1816 2400 2215 2487 triumphans
2262 2400 2624 2484 principem
2716 2401 2805 2465 30

1551 2501 1811 2566 cervice
1858 2519 2029 2565 caesa
2078 2500 2299 2583 gladio

1425 2683 1450 2702 θ
1548 2604 1852 2686 migravit
1898 2603 1981 2670 ad
2008 2604 2335 2669 eoelestia.

264 2754 276 2764 ’
378 2772 473 2828 us.
510 2790 579 2827 zu
612 2772 860 2828 mailand
899 2773 1213 2829 m.25.15
1241 2771 1445 2830 sahrh.
1519 2771 1631 2824 ner
1666 2772 1915 2842 Hymnus
1953 2772 2027 2826 ist
2064 2773 2534 2828 wahrscheinlioh
2572 2769 2667 2827 ffir
2703 2772 2795 2827 «110

219 2858 427 2914 Kirche
462 2858 840 2930 San-Giorgio
875 2860 935 2914 in
968 2858 1217 2914 Mailand
1251 2857 1514 2930 gemacht
1547 2858 1814 2925 worden,
1851 2859 1995 2912 «leun
2032 2875 2093 2912 es
2130 2859 2241 2929 gilt
2275 2875 2390 2914 von
2417 2859 2532 2914 ihm
2566 2860 2658 2914 die
2694 2860 2800 2914 Be-

212 2946 490 3017 merkung
537 2963 608 3000 zu
656 2945 778 3001 dem
830 2945 1079 3016 Hymnus
1133 2943 1239 3000 auf
1283 2945 1392 2999 den
1445 2943 1496 2997 h.
1551 2898 1884 3000 Ambrosius
1934 2944 2039 2998 No.
2085 2945 2205 2998 780.
2295 2945 2395 2999 Die
2430 2944 2803 3015 Behandlung

211 3032 326 3087 und
364 3031 453 3086 die
488 3030 930 3104 Sprachformen
965 3032 1252 3087 beweisen
1291 3030 1392 3086 das
1426 3030 1577 3085 hoho
1612 3029 1776 3086 Alter
1813 3014 2121 3084 desselben.

379 3155 415 3208 4
452 3123 545 3209 ilei
579 3151 725 3209 fehlt
760 3154 861 3208 der
898 3154 993 3209 Hs.
1084 3155 1117 3206 5
1153 3152 1658 3222 milles,}1s.,so
1699 3154 1732 3206 9
1770 3151 2026 3220 tullerat,
2081 3154 2153 3205 24
2186 3113 2415 3207 intollit.
2505 3153 2543 3206 6
2578 3153 2798 3223 Cappa-

198 3239 373 3309 dotie,
408 3241 504 3296 Hs.
565 3245 615 3295 7.
652 3244 737 3296 27.
773 3243 845 3296 30
878 3231 1085 3309 mundi,
1121 3240 1217 3295 Hs.
1269 3241 1302 3294 8
1338 3241 1676 3308 merolianus,
1712 3239 1808 3295 Hs.
1862 3242 1929 3293 15
1966 3255 2126 3310 quos,
2164 3238 2259 3293 Hs.
2330 3239 2398 3293 18
2425 3213 2677 3309 pennam,
2708 3239 2802 3295 Hs·

195 3328 266 3382 25
298 3327 563 3384 Alesand.
593 3329 695 3386 Hs.

767 3329 839 3384 30
875 3328 1245 3399 triumphatus
1280 3327 1549 3398 principe,
1585 3327 1681 3382 Hs.

696 3613 866 3687 942.
923 3613 1012 3684 In
1063 3611 1420 3683 nativitate
1469 3571 1532 3682 ⁸s.
1587 3607 1888 3708 Georgii
1938 3608 2284 3707 martyris.

194 3813 309 3884 Ad
354 3813 587 3879 festum
632 3814 791 3879 tanti
838 3815 1143 3896 martyris

198 3925 546 3985 concurrat
588 3918 777 4003 plebs
823 3917 1147 4000 amabilis,

197 4023 614 4088 solemnitate
662 4022 920 4091 domino

196 4124 362 4191 odas
409 4125 703 4191 canendo
750 4125 1166 4210 rhythmicas.

196 4284 321 4351 ffic
365 4294 468 4351 est
510 4287 623 4350 ille
670 4285 993 4370 Georgius
1013 4335 1034 4368 ‚
1229 4319 1232 4322 ·
1410 4289 1449 4349 5

197 4387 447 4453 athleta
492 4387 734 4454 Christi
779 4391 1110 4474 strenuus,

197 4489 387 4575 cujus
429 4493 756 4576 praeclara
799 4495 1030 4559 merita

196 4596 438 4677 probat
483 4605 690 4664 mater
735 4598 1031 4665 ecclesia.

1555 3811 1731 3879 Ecce
1773 3822 1926 3897 post
1968 3813 2175 3904 prima
2220 3814 2474 3898 proelia

1555 3913 2004 3999 Stephanique
2056 3916 2410 3981 certamina
2726 3914 2806 3977 1o

1557 4017 1997 4100 agonistarum
2038 4017 2357 4080 maximus

1554 4122 1856 4187 inventus
1902 4129 2004 4186 est
2048 4119 2388 4200 Georgius.

1554 4285 1630 4352 In
1673 4287 1878 4351 tribus
1925 4251 2141 4349 mundi
2184 4281 2481 4366 partibus

1556 4394 1624 4452 et
1667 4387 1995 4470 quaternis
2035 4384 2393 4450 climatibus

1556 4490 1643 4555 ad
1686 4490 1917 4555 coelum
1960 4507 2165 4572 usque
2211 4485 2507 4553 laudibus
2726 4485 2813 4549 15

1555 4603 1657 4662 est
1702 4605 2036 4680 promotus
2082 4595 2425 4680 Georgius.
