3175 5234
380 297 508 361 186

376 477 568 542 Felix
612 478 737 541 ista
779 478 1080 559 genitura
1105 525 1123 561 ,

377 600 499 663 per
542 600 733 663 quam
779 580 938 644 deus
981 580 1205 645 mortis
1242 581 1395 664 jura

465 682 783 766 dissipare
828 683 1051 748 voluit.

376 873 656 939 Auctrix
698 873 898 938 Anna
941 874 1102 939 tanti
1146 874 1331 953 boni,

379 974 557 1039 cedis
602 973 1070 1056 maledictioni,

464 1086 655 1141 vetus
702 1078 810 1140 lex
852 1096 1038 1159 quam
1086 1077 1323 1141 statuit.

379 1264 475 1328 Tu
519 1264 768 1347 pridem
815 1265 1212 1328 infructuosa

378 1367 624 1429 cunctis
671 1383 818 1430 eras
864 1364 1092 1429 odiosa

466 1468 589 1531 tuis
634 1468 1129 1546 contribulibus3

1547 873 1627 935 10

1550 1469 1630 1528 15

1732 476 1927 541 Prole
1976 476 2232 540 tandem
2276 476 2647 543 foecundata

1732 598 1805 642 es
1850 582 2044 644 beata
2087 580 2448 662 praedicata

1862 685 2013 749 olim
2060 693 2126 748 te
2172 686 2644 768 spernentibus,

1734 871 1913 954 Ergo
1958 880 2174 937 natam
2221 872 2619 956 deprecare,

1733 993 1853 1038 nos
1900 983 1971 1038 ut
2015 992 2134 1038 suo
2180 976 2634 1041 commendare

1822 1082 1976 1139 nato
2022 1075 2180 1139 velit
2222 1077 2546 1158 precibus.

1736 1261 1923 1338 Quod
1967 1270 2286 1346 praestare
2335 1273 2403 1328 tu
2450 1266 2759 1348 dignare,

1734 1367 1906 1430 bona
1953 1376 2183 1431 cuncta
2229 1369 2337 1449 qui
2383 1368 2628 1433 donare

1826 1469 1953 1531 scis
2000 1477 2065 1533 et
2110 1469 2294 1533 vales
2342 1472 2654 1535 omnibus,

2905 981 2995 1044 20

556 1678 652 1732 Hs.
700 1695 769 1731 zu
805 1678 977 1734 Gratz
1022 1683 1199 1750 42151.
1258 1684 1326 1736 13
1361 1680 1554 1735 Jahrb.
1603 1679 1703 1735 mit
1750 1678 1996 1733 Neumen
2047 1682 2175 1749 (A).
2262 1680 2357 1734 Hs,
2405 1698 2474 1735 zu
2510 1684 2811 1751 munchen,
2850 1684 2998 1740 Clm.

384 1766 540 1818 5111.
578 1763 616 1819 f.
646 1767 693 1820 6.
731 1766 833 1820 des
871 1769 939 1820 14
965 1768 1159 1822 Jahrb.
1199 1766 1548 1821 stellenweis
1587 1764 1919 1821 liickenhaft
1954 1767 2066 1822 und
2090 1766 2409 1821 verdorben
2447 1769 2574 1839 (B),
2617 1770 2997 1841 alsHymnus.

560 1927 589 1977 1
647 1924 842 1978 matris
881 1923 1025 1980 fehlt
1070 1926 1133 1979 B.
1231 1928 1266 1978 2
1303 1924 1476 1979 stella
1510 1925 1571 1978 B.
1670 1925 1706 1976 3
1754 1921 1917 1976 undis
1954 1921 2085 1975 sol.
2113 1961 2126 1974 .
2155 1961 2169 1974 .
2198 1921 2319 1975 mic.
2358 1923 2420 1976 Β.
2519 1926 2555 1977 4
2590 1925 2887 1995 prodiente
2924 1928 2991 1993 B,

380 2016 508 2066 orta
545 2009 690 2066 fehlt
727 2012 788 2066 B.
880 2016 913 2066 5
951 2018 1122 2083 porta
1160 2014 1228 2066 cl.
1266 2014 1328 2067 Β.
1416 2014 1451 2065 6
1486 2027 1591 2082 per
1629 2017 1687 2066 te
1728 2012 1805 2078 B,
1862 2016 1919 2064 et
1954 2012 2019 2063 A.
2092 2011 2127 2063 8
2162 2025 2271 2080 pro
2309 2027 2421 2081 qua
2455 2014 2519 2066 Α.
2596 2014 2665 2065 10
2700 2012 2893 2068 nutrix
2926 2015 2991 2069 Β.

378 2102 445 2152 12
483 2099 575 2154 lex
610 2097 755 2154 fehlt
791 2101 853 2154 B.
941 2102 1005 2153 19
1042 2100 1210 2171 virgo
1254 2104 1390 2153 nata
1427 2100 1487 2153 B.
1558 2100 1628 2150 21
1667 2094 1762 2149 vel
1799 2096 1858 2151 id
1893 2098 1954 2150 Β.
2024 2100 2094 2150 22
2132 2097 2263 2166 quid
2299 2113 2536 2168 precare
2571 2100 2631 2153 B.

1098 2476 1268 2550 785.
1333 2476 1450 2549 De
1502 2501 1558 2547 s.
1605 2478 1839 2548 Anna.
1909 2478 2291 2575 sequentia.

383 2739 548 2802 Coeli
593 2759 816 2820 regem
862 2737 1228 2802 attollamus

383 2850 449 2906 et
492 2842 555 2904 in
602 2859 799 2906 voces
846 2859 1253 2924 erumpamus

466 2945 806 3010 laudantes
852 2963 972 3027 per
1018 2944 1299 3025 cantica,

384 3047 558 3131 quod
601 3068 721 3131 per
764 3044 1022 3111 Annam
1071 3047 1327 3112 radiare

385 3150 561 3214 sidus
605 3151 761 3216 fecit
805 3151 1089 3215 salutare

472 3254 534 3316 in
580 3260 785 3316 matre
832 3251 1083 3317 deifica.

384 3440 580 3508 Anna
622 3465 898 3526 namque
946 3446 1072 3510 deo
1117 3453 1336 3528 grata,

385 3547 676 3625 gratiosa
719 3546 801 3609 sit
846 3555 1113 3623 vocata,

474 3646 581 3710 diu
626 3649 857 3710 mansit
902 3649 1173 3712 sterilis:

387 3767 528 3812 cum
574 3750 804 3811 marito
850 3759 1236 3814 conversata

381 3850 585 3932 prolis
631 3870 822 3933 paene
870 3869 988 3934 spe
1035 3853 1346 3918 frustrata

472 3960 924 4018 consternatur
967 3954 1215 4020 flebilis.

385 4143 600 4209 Ambo
647 4145 742 4210 sic
785 4145 1165 4211 infructuosi

382 4246 610 4310 vivunt
654 4254 974 4329 tamquam
1022 4248 1230 4312 odiosi

472 4349 604 4411 suis
645 4352 1126 4432 contribulibuS‚

385 4466 563 4531 saepe
611 4468 864 4532 quoque
909 4454 1246 4535 redarguti

385 4558 534 4611 sunt
579 4552 661 4612 ab
707 4551 864 4633 ipsis
911 4572 1165 4636 quoque
1217 4557 1370 4619 muti

471 4651 696 4733 templi
741 4655 1209 4721 sacerdotibus.

1552 3756 1633 3818 10

1548 4356 1630 4416 15

1736 2745 1904 2809 Hinc
1946 2744 2198 2828 pudore
2243 2743 2554 2808 rubricati

1739 2848 2042 2931 templum
2085 2855 2314 2930 petunt
2358 2846 2651 2927 adunati,

1826 2950 2051 3033 culpas
2095 2949 2324 3013 flentes
2371 2949 2720 3029 scelerum3

1737 3058 1955 3115 votum
2000 3051 2133 3115 illic
2176 3051 2555 3131 emiserunt,

1739 3156 1898 3219 dare
1943 3154 2066 3217 deo
2112 3155 2546 3238 promiserunt

1824 3259 2211 3324 nasciturum
2260 3278 2548 3341 puerum.

1736 3450 1897 3534 Mox
1940 3450 2005 3512 in
2050 3448 2204 3512 fletu
2242 3448 2690 3529 consolantur,

1738 3555 1912 3617 bona
1957 3552 2109 3633 quia
2151 3552 2535 3615 nunciantur

1826 3652 2023 3715 affatu
2074 3651 2392 3733 angelice.

1738 3751 1932 3817 Anna
1978 3752 2234 3816 tandem
2282 3752 2667 3834 gravidatur

1740 3866 1805 3923 et
1847 3858 2061 3922 Maria
2105 3864 2458 3938 generatur

1826 3958 2055 4023 ordine
2097 3957 2385 4022 mirifico,

1736 4147 1927 4212 Felix
1974 4148 2113 4211 (lies
2158 4149 2304 4213 haec
2352 4155 2418 4212 et
2462 4147 2651 4227 laeta,

1739 4271 1869 4333 qua
1912 4250 2254 4334 prophetae
2301 4258 2449 4315 sunt
2491 4248 2757 4333 impleta

1826 4354 2042 4436 prisca
2089 4353 2451 4433 vaticinia‚'

1740 4457 1932 4535 virga
1975 4454 2169 4518 Jesse
2215 4472 2540 4536 generosa

1742 4568 1872 4623 tam
1916 4558 2165 4622 relucet
2209 4560 2544 4623 fructuosa

1830 4661 1991 4724 mira
2035 4682 2156 4744 per
2203 4660 2498 4743 insignia.

2904 2848 2992 2910 20

2906 3450 2998 3510 25

2907 3958 2996 4020 30

2912 4555 2998 4617 35
