3175 5234
2604 243 2767 316 ’146

323 423 423 478 Hs.
480 438 551 477 zu
596 422 871 478 Hiinchen
926 423 1064 480 clm.
1102 425 1291 479 14322.
1345 420 1386 479 f.
1421 425 1506 480 4⁰.
1560 424 1664 480 mit
1698 424 1947 480 Neumeu
1997 428 2140 497 (A),
2195 429 2260 481 11
2298 427 2497 484 Jahrb.
2565 427 2664 484 nm
2700 441 2775 492 τι

121 507 443 580 stuttgart
477 508 622 563 Bibl.
649 510 735 563 20.
769 506 808 566 f.
836 512 907 564 70
934 511 1037 565 des
1070 512 1137 564 12
1163 511 1359 566 Jahrh.
1381 510 1505 580 (Β).
1577 509 1672 565 Hs.
1710 526 1780 566 zu
1806 510 2166 567 Lichtenthal
2193 514 2292 568 des
2322 515 2392 569 14
2416 513 2612 570 Jahrh.
2642 512 2771 584 (L).

123 596 230 650 Hs.
277 613 356 649 zu
392 595 743 668 Heidelberg
779 597 884 652 No.
924 599 976 664 9,
1015 600 1083 651 17
1106 597 1158 652 b.
1193 599 1294 653 des
1333 598 1402 652 13
1435 598 1636 653 Jahrh.
1670 596 1772 653 mit
1807 599 1909 654 der
1939 598 2178 653 Melodie
2216 599 2346 668 (Η).
2419 600 2589 657 Steht
2623 602 2772 657 auch

127 682 206 737 in
247 682 560 737 Hessbuch
597 682 697 737 der
733 679 1064 738 Bursfelder
1094 684 1522 756 congregation
1557 700 1612 737 v.
1640 685 1798 739 1518.
1835 682 1875 739 f.
1900 686 2007 739 243
2045 685 2172 755 (C).
2244 686 2338 742 Hs.
2376 702 2489 741 von
2518 687 2578 743 S.
2599 687 2774 743 Peter

129 786 204 824 zu
243 770 572 912 firi-subc
608 771 718 826 No.
760 773 846 826 16.
882 788 936 843 p.
972 774 1096 827 395.
1131 772 1233 829 mit
1267 772 1369 827 der
1403 772 1666 843 Melodie,
1705 774 1775 828 14
1807 772 2004 828 Jahrh.
2040 773 2167 845 (D).
2240 774 2344 828 Bei
2377 774 2574 831 Daniel
2603 778 2655 845 2,
2691 775 2767 830 30

135 856 244 911 der
284 859 377 912 An
407 874 538 930 ang.

337 982 380 1033 4
416 976 588 1051 ffingt
622 980 668 1035 Ι)
705 981 805 1036 mit
838 996 1096 1053 grosscm
1131 981 1489 1037 Buchstaben
1525 997 1617 1051 an,
1651 980 1789 1036 weil
1823 982 1908 1036 sie
1946 982 2036 1036 die
2059 982 2304 1037 Absiitze
2339 980 2434 1037 fiir
2471 982 2774 1036 Wechsel·

145 1068 328 1122 chore
381 1067 762 1140 eingerichtet
807 1071 923 1124 hat.
995 1072 1028 1122 5
1078 1069 1188 1140 ipsi
1237 1066 1333 1124 fiir
1368 1070 1599 1126 Christo
1635 1070 1737 1127 CL.
1810 1073 1845 1123 '7
1880 1076 2215 1142 respuerant
2249 1071 2311 1126 1).
2383 1072 2418 1125 9
2456 1070 2666 1142 quotid.
2706 1069 2771 1139 G,

143 1153 336 1226 boiol.
373 1154 441 1208 R.
515 1157 585 1211 10
620 1173 764 1225 quos
798 1156 856 1211 G.
930 1158 997 1210 12
1033 1156 1194 1210 deum
1230 1158 1289 1210 Ι).
1363 1159 1432 1210 15
1467 1155 1690 1213 molliat
1724 1156 1788 1211 Ι).
1864 1158 1933 1211 16
1969 1157 2026 1211 in
2056 1157 2182 1214 Chr.
2219 1155 2367 1213 fehlt
2391 1157 2455 1211 11.
2524 1158 2597 1212 28
2624 1154 2779 1226 pleb.

146 1240 288 1297 chr.
327 1240 541 1296 ch.
612 1244 685 1295 34
712 1240 859 1313 justi
886 1241 1101 1314 judicis
1137 1243 1248 1299 CH.
1321 1244 1393 1298 36
1433 1258 1636 1298 curare
1671 1243 1735 1298 D.

335 1363 403 1416 V.
439 1366 493 1417 2.
546 1363 769 1418 milites.
816 1368 966 1419 θεῖοι
1001 1361 1339 1441 ἀθλοφόροι.
1373 1365 1499 1420 Jan.
1528 1363 1564 1420 f.
1591 1367 1679 1419 24.
1751 1365 1939 1419 Daher
1975 1365 2119 1420 auch
2154 1361 2413 1435 ἄθλησις,
2448 1366 2777 1435 martyrium.

149 1451 268 1508 Jul.
310 1449 354 1507 f.
396 1453 447 1506 9.
536 1450 867 1527 στρατιῶται
916 1450 1014 1508 τοῦ
1051 1459 1313 1530 Χριστοῦ.
1361 1453 1473 1509 Jul.
1510 1450 1550 1508 f.
1584 1456 1672 1508 23.
1763 1454 2094 1528 στρατιῶται
2130 1462 2231 1510 τοῦ
2262 1451 2444 1527 λόγου.
2500 1451 2657 1521 Sept.
2695 1451 2781 1505 15.

152 1539 380 1593 Christi
423 1540 635 1597 milites
682 1542 777 1597 bei
822 1544 1086 1613 Ancyra-stin.
1122 1557 1286 1598 serm.
1322 1545 1443 1601 276.
1514 1539 1547 1599 ὅ
1583 1541 2017 1617 θεοστράτευτος
2052 1541 2276 1616 φάλαγξ
2318 1541 2431 1598 τοῖν
2464 1537 2776 1616 μαρτύρων.

157 1626 334 1681 Triod.
373 1628 443 1696 X,
481 1632 532 1682 5.
605 1628 673 1684 οὐ
719 1629 800 1685 δεῖ
847 1630 1262 1707 καταφρονῆσαι
1309 1630 1406 1702 τῆς
1451 1630 1560 1686 τῶν
1616 1629 1912 1705 μαρτύρων
1962 1628 2227 1703 εὐλογίας.
2288 1632 2543 1703 chrysost.
2594 1629 2662 1684 de
2698 1627 2785 1682 in·

157 1714 557 1783 comprehens.
592 1719 645 1785 2,
683 1719 732 1770 1.
802 1717 929 1772 Von
977 1715 1136 1772 ihren
1175 1718 1426 1774 Grabern
1481 1723 1618 1790 sagt
1664 1718 1841 1773 daher
1890 1718 2153 1774 derselbe
2203 1719 2272 1774 de
2317 1736 2362 1774 s.
2412 1718 2677 1773 Barlaam
2712 1716 2782 1780 ,4.

157 1799 328 1871 σκηνή
368 1803 488 1857 ἐστι
523 1802 880 1877 στρατιωτικὴ
919 1803 1026 1858 τῶν
1061 1803 1358 1879 μαρτύρων
1393 1804 1423 1861 ὁ
1462 1803 1657 1876 τάφος.

344 1889 413 1943 V.
454 1892 504 1945 3.
559 1889 680 1945 dies
711 1889 968 1946 celebris.
1041 1891 1321 1963 Martyres
1357 1898 1587 1949 sanctos
1626 1893 1934 1962 laudamus,
1971 1891 2374 1966 glorificamus,
2412 1891 2782 1959 admiramur;

161 1976 286 2031 dies
325 1993 526 2032 eorum
561 1978 655 2049 pia
690 1977 1070 2034 sollemnitate
1107 1980 1484 2047 celebramus,
1545 1981 1751 2036 merita
1797 1996 1991 2036 eorum
2041 1995 2405 2049 veneramur,
2469 1981 2529 2032 et
2563 1976 2614 2030 si
2648 1991 2783 2046 pos-

163 2081 389 2132 sumus,
429 2064 718 2119 imitamur.
776 2067 1040 2135 Amudin.
1093 2066 1163 2119 de
1213 2065 1334 2120 urb.
1384 2065 1559 2121 excid.
1604 2068 1655 2122 4.
1737 2066 2093 2122 Honoramus
2129 2066 2431 2120 memorias
2468 2067 2782 2133 martyrum

162 2157 438 2220 tanquam
473 2156 797 2207 sanctorum
832 2151 1115 2207 hominum
1153 2151 1271 2221 dei,
1335 2152 1430 2223 qui
1474 2169 1648 2223 usque
1686 2153 1757 2208 ad
1792 2158 2032 2208 mortem
2069 2167 2372 2222 corporum
2409 2164 2636 2204 suorum
2672 2163 2783 2217 pro

163 2237 415 2291 veritate
450 2243 753 2306 certarunt,
792 2244 853 2293 ut
886 2238 1268 2295 innotesceret
1302 2255 1441 2294 vera
1476 2238 1684 2314 religio
1721 2238 1887 2294 falsis
1914 2235 2172 2308 fictisque
2210 2236 2501 2293 convictis.
2542 2266 2605 2276 -
2645 2234 2784 2301 Quis

167 2329 362 2379 autem
414 2323 630 2379 audivit
678 2325 984 2395 aliquando
1022 2323 1299 2394 fidelium,
1351 2331 1593 2382 stantem
1640 2326 1994 2382 sacerdotem
2043 2327 2115 2381 ad
2163 2324 2348 2381 altare
2397 2323 2565 2378 etiam
2614 2336 2787 2392 super

174 2418 439 2466 sanctum
477 2426 683 2481 corpus
720 2412 986 2482 martyris
1022 2413 1097 2468 ad
1133 2413 1222 2467 dei
1257 2414 1528 2469 honorem
1565 2415 1883 2486 cultumque
1921 2418 2302 2470 constructum
2339 2411 2528 2466 dicere
2564 2409 2621 2464 in
2655 2423 2788 2479 pre-

169 2499 362 2553 cibus:
410 2495 625 2568 „offero
662 2499 765 2553 tibi
803 2497 1141 2555 sacrificium
1175 2501 1362 2570 Petre,
1397 2501 1494 2556 vel
1519 2501 1714 2569 Paule,
1748 2501 1843 2558 vel
1869 2501 2208 2574 Cypriane“,
2246 2515 2369 2555 cum
2404 2498 2555 2569 apud
2590 2512 2788 2552 eorum

171 2584 479 2640 memorias
517 2583 794 2641 offeratur
831 2587 966 2656 deo,
1035 2587 1130 2657 qui
1180 2604 1282 2643 eos
1330 2593 1390 2644 et
1435 2587 1687 2644 homines
1736 2595 1795 2644 et
1829 2595 2116 2660 martyres
2154 2585 2290 2643 fecit
2325 2591 2384 2642 et
2418 2585 2632 2641 sanctis
2668 2582 2788 2640 suis

173 2672 402 2745 angelis
449 2671 670 2728 coelesti
719 2674 934 2729 honore
971 2673 1245 2743 sociavit,
1315 2680 1378 2731 ut
1412 2690 1483 2730 ea
1518 2675 1850 2732 celebritate
1887 2681 1947 2730 et
1981 2676 2089 2731 deo
2125 2690 2267 2729 vero
2304 2673 2374 2728 de
2407 2672 2637 2728 illorum
2670 2670 2789 2726 vic·

175 2759 346 2814 toriis
384 2758 606 2829 gratias
641 2774 876 2830 agamus
912 2764 971 2815 et
1005 2775 1112 2816 nos
1148 2759 1222 2815 ad
1255 2762 1626 2817 imitationem
1661 2762 1856 2817 talium
1892 2777 2231 2818 coronarum
2268 2766 2436 2831 atque
2471 2758 2786 2831 palmarum

179 2843 561 2901 renovatione
598 2847 1002 2902 adhortemur?
1074 2850 1336 2919 Aumoelin.
1390 2848 1457 2904 de
1496 2849 1648 2905 civit.
1703 2850 1808 2905 dei.
1857 2851 1917 2918 Β,
1953 2853 2040 2904 27.
2114 2849 2216 2903 Die
2253 2847 2529 2905 Griechen
2564 2845 2790 2901 heissen

181 2929 374 2985 sowol
410 2930 499 2985 die
537 2932 756 2988 Grfiber
793 2933 880 2988 als
916 2934 1005 2989 die
1041 2934 1208 2989 Feste
1246 2934 1346 2990 der
1380 2935 1667 3006 Martyrer
1702 2943 1909 3007 μνῆμαι
1942 2933 2251 3010 μαρτύρων.

354 3017 423 3071 V.
462 3020 546 3074 19.
600 3020 841 3076 solidum
867 3021 1122 3078 animum.
1175 3020 1255 3093 τῷ
1289 3023 1440 3094 ὅπλῳ
1475 3020 1575 3077 τοῦ
1611 3019 1854 3097 σταυροῦ
1888 3019 2341 3096 θωρακισάμενοι
2367 3022 2423 3076 οἱ
2449 3015 2791 3095 ἀθλοφόροι.

182 3105 342 3177 Sept.
379 3108 430 3158 7.

710 3388 877 3463 735.
947 3391 1036 3461 In
1087 3391 1303 3463 natali
1354 3390 1813 3490 plurimorum
1857 3398 2257 3488 martyrum.

195 3588 580 3657 Sanctorum
642 3592 907 3677 chorus,
985 3594 1271 3680 Christe,
1329 3604 1441 3663 tuo
1543 3596 1630 3662 Hi
1676 3614 1909 3678 nempe
1953 3594 2076 3658 viri
2123 3591 2479 3659 bellatores
2524 3586 2777 3672 fulgidi,

815 3717 1080 3762 munere
1545 3698 1879 3781 improbus
1922 3693 2151 3778 praedo
2196 3693 2428 3774 quibus
2466 3706 2596 3754 non
2624 3708 2800 3773 prae-

198 3796 444 3863 florifer
473 3817 738 3882 campus
768 3820 954 3884 pace,
996 3803 1168 3867 bello
1192 3802 1442 3887 fertilis,
2170 3796 2394 3879 valuit,
2714 3796 2798 3857 10

199 3899 331 3964 lilia
375 3919 542 3983 pace
584 3919 884 3984 rosaeque
928 3903 1152 3968 militia
1550 3900 1756 3965 secuti
1802 3899 2127 3965 Christum
2181 3897 2462 3963 candido
2521 3896 2802 3978 vestigio

200 4011 448 4070 matura
477 4025 688 4071 messe
707 4007 1070 4074 conduntur
1084 4010 1444 4093 manipulis.
1548 4004 1825 4087 ipsoque
1870 4001 2037 4067 duce
2083 3999 2305 4084 adepti
2348 3997 2581 4062 felicia.

202 4189 409 4274 Legio
439 4211 632 4258 sacra
662 4197 996 4260 beatorum
1028 4196 1369 4278 agminum,
1409 4197 1448 4259 5
1552 4190 1841 4275 Agmina
1875 4195 2100 4254 sancta
2131 4181 2494 4249 vinculatos
2523 4196 2806 4262 corpore

205 4305 524 4380 martyres
571 4297 811 4364 Christi
854 4300 1104 4384 fulgent
1144 4300 1211 4364 in
1252 4300 1452 4364 coele-
1557 4296 1885 4380 supplices
1902 4300 2159 4356 vestros
2173 4304 2439 4373 precum
2457 4281 2805 4367 adjutorio,

828 4404 1051 4484 stibus,
1557 4400 1823 4483 spiritus
1914 4395 2112 4480 justi,
2213 4389 2451 4455 solvite
2540 4406 2807 4473 compe-

207 4503 388 4568 stolis
435 4503 653 4569 amicti
696 4507 1010 4589 sanguino
1055 4506 1433 4590 candidatis,
2178 4492 2399 4575 dibus,
2725 4491 2806 4552 15

206 4606 358 4688 agni
401 4622 734 4688 sequaces,
778 4608 1005 4673 rutilus
1049 4610 1392 4675 exercitus.
1557 4606 1752 4672 finem
1781 4606 2035 4672 felicem
2069 4611 2139 4669 ut
2166 4601 2491 4689 possimus
2517 4615 2813 4667 cernere.

291 4733 466 4787 none,
501 4734 670 4783 iateln.
702 4736 948 4794 nymnen.
993 4738 1083 4787 111.
2317 4705 2404 4772 1⁰
